3164 5170
555 374 873 438 enmrrrro.
1070 357 1077 366 ‘
1204 381 1266 447 ¹o

162 541 230 616 bus,
244 543 294 622 qui
318 560 384 602 rara
406 541 545 618 felicitate
571 540 611 602 ad
636 561 691 602 nos
712 549 921 623 pervenerunt,
936 539 1119 622 decerptas!
1162 542 1264 624 Major

162 651 272 714 tomen,
295 648 326 699 et
348 639 430 700 haud
456 639 519 699 scio
549 657 587 699 an
614 639 786 712 maximnm,
811 638 912 699 libello
936 648 1038 699 nostro
1061 650 1265 702 ornamentum

163 735 273 818 adjecit
291 736 426 796 Tiberius
451 736 710 808 Hemsterhusins,
736 756 754 796 a
776 735 862 816 cujus
885 735 1015 796 consiliis
1037 737 1264 817 praeceptisque,

161 842 304 915 tunquam
329 853 347 892 a
368 834 460 906 fonte,
486 833 628 912 quicquid
650 853 728 908 sum,
755 841 803 893 nie
828 833 950 894 fluxisse
973 834 1120 912 profiteor.
1174 835 1264 896 Hunc

163 927 259 1008 Belgii
273 929 447 1002 Varronem,
461 929 697 1008 quotiescunque
711 928 845 992 abditum
871 929 993 1008 aliquod
1012 950 1029 990 e
1053 930 1184 992 tenebris
1198 951 1265 992 eru·

162 1025 274 1084 endum
288 1037 379 1100 esset,
393 1026 481 1088 toties
495 1026 525 1085 in
541 1025 696 1086 consitium
711 1025 852 1086 adhibui:
873 1045 910 1086 ex
923 1026 982 1086 hoc
995 1025 1105 1088 multas
1116 1035 1147 1088 et
1160 1047 1265 1090 recon-

162 1119 226 1180 dita
256 1121 361 1202 pierres
387 1122 553 1183 eruditione
582 1121 855 1184 animadversiones
881 1124 930 1183 vel
952 1121 1064 1184 blande
1092 1122 1189 1198 elicui,
1217 1123 1266 1184 vei

162 1217 330 1297 importune
344 1219 486 1300 expressi.
529 1219 635 1298 Neque
646 1220 676 1280 irr
688 1239 724 1279 eo
738 1220 961 1300 pietatemque
974 1220 1056 1280 illurn
1071 1220 1153 1281 haud
1165 1241 1266 1296 secus,

117 1363 120 1370 .
162 1333 198 1374 ac
212 1315 290 1376 filius
304 1327 466 1396 parentem,-
480 1336 652 1398 prosequor,
679 1315 751 1378 mihi
772 1316 874 1378 videor
897 1317 1023 1380 loesissc.
1062 1317 1180 1398 Etenim
1205 1337 1270 1404 quo

161 1411 260 1472 minus
275 1411 350 1491 ipse,
364 1433 433 1493 quae
448 1413 586 1474 divinitus
597 1413 791 1492 excogitavit,
805 1414 836 1474 in
857 1413 956 1475 lucem
974 1416 1105 1496 proferre
1120 1425 1215 1488 curet,
1229 1435 1266 1476 eo

162 1507 258 1588 magis
282 1509 364 1584 mihi,
387 1529 425 1570 ne
454 1510 511 1570 iilis
536 1511 630 1570 literoc
654 1521 765 1572 nostrae
788 1521 934 1585 carerent,
957 1511 1130 1573 enitendum
1152 1513 1267 1592 putavi.
1338 1555 1343 1560 -

163 1603 210 1665 Ite
223 1603 299 1679 veie,
311 1606 426 1666 erudite
443 1607 558 1680 Lector,
569 1607 717 1687 sciasque,
731 1627 778 1668 me
792 1608 823 1668 in
838 1609 1032 1690 excerpendis
1043 1608 1178 1668 Platonis
1191 1608 1266 1670 locis

109 1687 113 1700 ’
162 1721 249 1762 usum
265 1722 332 1762 esse
349 1703 499 1775 Editione,
513 1725 581 1783 quoe
597 1704 735 1784 Lugduni
750 1705 830 1786 apud
845 1705 927 1766 Gnil.
942 1705 1117 1766 Leemarium
1132 1725 1162 1766 a.
1176 1707 1265 1766 1590.

163 1818 276 1859 excuss
289 1809 345 1862 est.
387 1800 496 1881 Scripsi
512 1819 539 1862 a.
556 1802 645 1862 1754.
661 1803 962 1864 retractationes

195 2020 211 2052 ⁴⁹
227 2022 371 2088 Scriptorum
389 2024 529 2075 ineditorum
547 2033 614 2075 tento
631 2043 699 2092 seges
719 2035 774 2092 post
795 2028 891 2093 primurn
900 2027 1034 2078 Editiorrenr
1045 2025 1169 2082 succrevit.
1177 2034 1204 2074 ut
1212 2043 1265 2076 vers

160 2104 240 2164 dicere
251 2106 347 2169 possim,
356 2106 445 2159 nulium
456 2107 591 2174 dominujns
600 2107 691 2174 generis
701 2109 785 2159 librum
797 2117 833 2158 tot
841 2107 973 2160 Anecdotis
983 2109 1091 2158 retortum
1103 2107 1225 2171 prodiisse.

227 4575 294 4624 Pur.
309 4573 368 4623 Tim.
381 4569 443 4622 Lex.
