3164 5170
319 407 337 467 8
712 397 1033 462 PRAEFATIO.

306 543 371 630 illa
391 575 525 648 tempora
544 563 584 626 atl
607 559 795 628 scribendum
818 563 956 635 messit,
973 563 1046 642 quia
1070 581 1102 624 se
1128 572 1224 626 totum
1240 564 1278 626 ad
1293 565 1420 645 coquum

314 663 524 743 antiquiorum,
538 659 734 741 quiumnium
745 677 896 724 moranno
914 658 1024 738 ingenii
1044 679 1080 724 au
1103 657 1247 722 doetrinae
1271 661 1421 744 prinoipe-

314 768 380 820 mm
392 755 784 840 numerumnunerum
807 755 1044 836 imitandumque
1064 755 1160 822 turca
1202 755 1420 838 Quamcunque

313 871 384 917 nero
399 856 455 917 sibi
469 854 643 936 delegisset,
660 854 725 934 ejus
749 873 810 916 noa
831 852 928 916 solum
948 872 1051 926 voces,
1064 853 1217 925 tornatae,
1237 853 1419 936 complexio-

312 969 428 1034 neaqua
447 953 615 1026 verborum,
639 950 695 1014 sed
716 949 881 1014 sententiat
905 949 994 1014 attan
1019 961 1050 1012 et
1072 951 1150 1012 barte
1173 949 1256 1014 dicta
1275 950 1419 1014 asermrno

312 1049 543 1111 cacrectcoctur
567 1047 678 1119 undio,
702 1049 732 1110 iu
754 1064 948 1125 succumque,
962 1044 1045 1124 quoti
1066 1045 1164 1119 munt,
1185 1056 1217 1108 et
1239 1047 1418 1128 anguinea

312 1147 458 1208 recubat.
500 1143 561 1206 Sed
582 1163 620 1207 ex
639 1145 697 1208 illis
713 1143 863 1208 tleroibus
887 1151 1015 1223 quatuor
1036 1142 1170 1224 inprimis
1184 1143 1329 1224 posterior
1342 1155 1417 1210 atas

313 1241 505 1305 atatimirata
518 1249 575 1313 cst,
596 1251 627 1303 et
649 1239 688 1304 ad
708 1237 901 1302 imitationem
921 1239 1050 1312 vocarit,
1071 1240 1246 1312 Homerum,
1265 1239 1420 1322 'l'ltttoytli-

312 1337 392 1415 aam,
411 1337 580 1410 Platonem,
601 1346 641 1404 ct,
654 1335 900 1400 Demosthenem.
940 1336 987 1400 rib
1002 1335 1133 1402 Homero
1146 1335 1269 1416 quidem
1283 1345 1359 1417 quot
1371 1338 1417 1406 lu·

312 1433 395 1496 mina
408 1434 632 1506 sententiatum.
646 1431 825 1514 dicendique
838 1431 955 1498 colores
966 1453 1035 1498 com
1050 1434 1113 1513 ipos
1123 1431 1223 1506 Plato,
1235 1443 1298 1498 tun
1311 1432 1417 1515 reliqui

310 1531 470 1614 mrtptorcr
484 1531 654 1606 aumamint,
668 1529 740 1610 quio
755 1529 862 1594 attinet
875 1528 996 1594 (liceret
1017 1529 1090 1610 Eius
1105 1539 1205 1596 autem
1218 1529 1414 1598 imitationem

311 1638 346 1690 ut
359 1628 407 1690 ral
420 1628 477 1690 tiro
490 1625 706 1710 deprehendat,
721 1627 765 1690 sic
778 1637 956 1701 ceterorum,
966 1645 1043 1708 quos
1056 1625 1131 1702 uixi,
1145 1645 1183 1692 uc
1197 1625 1414 1696 arcaturiam

311 1721 446 1804 quidem,
456 1721 514 1789 uta
527 1723 579 1786 diu
592 1723 776 1804 multumque
788 1723 829 1788 sit
840 1723 871 1786 io
883 1721 1000 1788 illarum
1015 1723 1132 1808 scriptia
1146 1723 1308 1790 iuuatur.
1350 1723 1416 1790 Ho-

310 1840 377 1884 rum
389 1822 468 1884 bena
480 1820 610 1902 commta
623 1831 654 1886 et
663 1820 741 1882 bena
751 1819 834 1887 dictu
848 1819 874 1884 si
885 1819 951 1900 quis
966 1819 1062 1892 itaut
1075 1818 1185 1900 digitos
1201 1838 1282 1893 suos,
1296 1831 1413 1895 noscat,

310 1929 342 1980 et
365 1919 395 1982 iu
416 1927 573 1981 numerato
596 1917 836 1992 habentinam,
858 1915 1059 1989 aiaiuttnitir
1083 1925 1214 1982 veterum
1237 1916 1413 1998 roriptorura

310 2013 396 2088 lucia,
415 2014 464 2076 rel
483 2013 652 2094 depravatis
667 2011 766 2076 adhuc
779 2031 869 2093 posse
881 2005 1006 2085 mederi,
1024 2013 1072 2076 rel
1093 2013 1190 2078 lucem
1210 2012 1336 2080 retltlsre
1357 2015 1412 2078 ab·

310 2111 407 2174 toruis
430 2119 461 2172 et
483 2099 589 2192 poium
613 2109 782 2172 intellectis.
825 2109 894 2182 Quo
907 2109 1005 2190 magia
1018 2121 1118 2176 autem
1133 2109 1223 2176 Plato
1235 2120 1351 2179 natatus
1364 2112 1411 2176 iu·

308 2209 408 2289 genio,
419 2208 654 2288 scriptorumque
667 2204 857 2268 multitudine
866 2204 948 2278 vicit,
961 2225 999 2270 eo
1012 2207 1111 2286 plures
1126 2217 1232 2274 nactur
1247 2218 1296 2273 sut
1311 2209 1410 2274 imita-

308 2313 400 2369 tores.
441 2305 488 2366 Ex
500 2304 559 2365 hoc
572 2322 687 2378 omues,
701 2302 753 2384 qui
766 2302 877 2366 lautus
893 2303 1046 2384 quotidem
1059 2301 1180 2370 (licendi
1204 2325 1300 2392 maur
1315 2307 1410 2374 recoli

309 2412 390 2477 aaut
402 2402 523 2464 mirifice
536 2401 737 2482 proiecerunt,
747 2400 897 2483 Sophistm
911 2401 1066 2471 maximat
1095 2401 1182 2483 cujus
1195 2403 1238 2466 rei
1257 2401 1410 2470 luculento

307 2500 468 2582 specimina
487 2500 517 2560 in
535 2497 848 2562 Animadversiouibus
874 2497 1012 2562 dedimus
1033 2497 1155 2564 uostris.
1197 2498 1243 2564 En
1260 2499 1318 2565 hoo
1331 2499 1410 2566 The-

305 2597 423 2659 mistiua
447 2607 479 2659 et
501 2597 657 2680 synesius,
681 2595 771 2658 etiam
796 2603 864 2674 post
887 2594 1002 2658 Patavii
1026 2613 1124 2668 cums,
1145 2604 1265 2658 centum
1281 2597 1409 2678 emplius

304 2695 378 2757 locis
393 2703 424 2756 et
437 2694 535 2756 sanari
557 2704 697 2775 possunt,
715 2704 748 2754 et
768 2691 919 2773 explicari.
962 2691 1007 2754 Ex
1020 2690 1078 2757 hoc
1102 2711 1184 2773 saepe
1206 2693 1355 2758 etlumen
1377 2705 1409 2759 ot

304 2792 479 2852 medicinam
499 2799 653 2873 exspectat
667 2790 887 2858 Philostratus:
904 2802 979 2869 ‘quo
992 2788 1030 2852 de
1050 2807 1081 2854 ta
1104 2789 1243 2854 (iothofr.
1259 2789 1408 2866 Olennius,

304 2887 409 2948 merito
432 2888 470 2948 ab
491 2886 613 2965 injusta,
633 2907 723 2966 quam
747 2886 827 2968 apud
849 2887 930 2948 citas
944 2905 1017 2952 suot
1030 2885 1155 2961 obtinet,
1176 2886 1264 2952 fomae
1288 2907 1408 2969 poetes-

304 2983 388 3046 aioua
403 2981 511 3062 depelli
526 2993 652 3061 coeptus,
667 3002 705 3044 ue
718 3003 771 3062 per
785 2983 931 3046 somnium
951 2981 1069 3062 quidem
1091 2983 1244 3062 cogitarit.
1287 2985 1332 3048 Ex
1346 2985 1407 3050 hoo

304 3079 434 3160 denique
445 3078 546 3140 multis
561 3077 634 3142 louis
648 3077 834 3140 instaurandi
848 3077 1087 3158 explanandique
1101 3089 1172 3141 sunt
1186 3081 1244 3145 Dio
1259 3079 1408 3164 Chrysot-

300 3187 412 3252 tomus,
438 3175 628 3249 Plutarchus,
660 3174 809 3237 Maximus
836 3173 956 3254 Tyrius,
983 3174 1133 3250 Julianus,
1158 3175 1279 3255 aliique.
1335 3178 1405 3246 Qun

301 3275 399 3358 magis
422 3275 480 3349 hia,
502 3273 553 3355 qui
577 3271 691 3334 altioris
714 3271 839 3334 critices
865 3271 965 3336 studio
989 3269 1147 3344 duoautur.
1161 3272 1226 3338 dies
1241 3283 1406 3355 amiceque

302 3371 516 3435 elaborandum
530 3379 588 3447 eet,
604 3379 640 3432 ut
662 3368 785 3432 assidua
798 3368 928 3434 lectione
947 3369 978 3432 itt
994 3368 1107 3448 justum
1122 3370 1259 3436 Platonis
1273 3389 1404 3438 eentum

302 3469 437 3530 tudinem
450 3469 582 3530 veniant.
622 3466 699 3528 llluo
720 3476 861 3546 revertor.
902 3467 936 3530 lu
952 3466 1194 3532 annotationibus
1208 3468 1319 3534 noemin
1342 3487 1404 3534 noa

301 3573 417 3626 tantum
431 3563 469 3624 de
479 3563 618 3638 Platone,
628 3562 682 3626 aad
693 3562 731 3623 de
742 3562 808 3626 eliis
820 3563 909 3626 etiam
921 3563 1184 3645 scriptoribua,ubi
1196 3583 1251 3627 uos
1265 3565 1406 3633 irritaret

301 3661 433 3733 occasio,
447 3661 524 3722 bene
543 3661 647 3724 mareri
671 3661 770 3722 conati
791 3679 905 3722 sumus.
944 3661 979 3724 ln
998 3681 1059 3742 quo
1080 3681 1149 3726 suut
1171 3661 1320 3728 breuiores
1335 3683 1404 3728 este
1520 3707 1524 3718 ·

301 3757 494 3830 uoluerimus,
514 3777 658 3832 ueremur,
673 3769 707 3818 ut
720 3757 869 3820 interdurn
884 3757 1007 3832 tirones,
1021 3759 1069 3821 rel
1084 3758 1271 3826 mediocriter
1285 3760 1405 3835 eruditi,

300 3855 442 3930 rationes,
456 3855 564 3936 quibua
587 3855 627 3916 ad
649 3853 825 3916 mutandum
848 3853 963 3917 inducti
982 3856 1172 3931 amassetis
1193 3867 1403 3938 assequantur.

301 3951 362 4013 Sed
377 3971 430 4013 eoa
444 3952 632 4014 uehementer
645 3972 796 4034 rogamus,
811 3961 844 4014 ut
861 3951 1007 4032 judicium
1028 3953 1067 4016 de
1087 3953 1318 4020 correctionibus
1331 3973 1402 4018 nos-

300 4049 354 4109 tris
366 4047 512 4130 tantisper
527 4050 704 4124 sustineant,
718 4049 789 4110 dum
804 4049 843 4112 ad
857 4047 987 4130 aliquam
1000 4049 1039 4110 tle
1052 4047 1099 4118 ltin
1113 4050 1201 4116 rebus
1214 4051 1405 4131 pervenerint
1450 4059 1454 4070 “

295 4144 452 4226 judicandi
476 4149 688 4209 maturitatem.
734 4147 872 4209 Ceterum
898 4147 1105 4208 annotationes
1126 4155 1247 4222 nostrae,
1268 4147 1294 4212 si
1319 4147 1402 4210 nulla

301 4240 361 4302 alia
382 4261 424 4318 re,
437 4252 517 4306 certe
542 4243 599 4306 hoo
624 4243 743 4306 nomine
767 4243 868 4304 multis
891 4241 1068 4328 gratissimae
1093 4253 1164 4304 auat
1187 4243 1305 4320 lutura,
1319 4243 1401 4330 quod

299 4335 442 4420 plurimas
456 4339 587 4402 habeant
600 4333 750 4422 quantivis
763 4339 849 4427 pretii
870 4337 1042 4428 particulas,
1056 4361 1092 4408 ex
1110 4329 1230 4410 ineditii
1251 4340 1402 4424 scriptori·
