3164 5170
578 389 899 480 Panamara.
1259 395 1278 452 ι

179 565 249 616 cam
263 551 321 617 lroc
335 556 464 618 lexicon
478 553 579 617 multis
595 556 633 618 de
647 557 763 618 caussis
777 553 984 636 dignissimum
999 554 1176 636 judicarem,
1194 555 1280 636 quod

180 649 293 712 liberali
305 673 393 714 manu
404 663 562 726 assertum,
575 663 621 714 tot
635 653 803 714 seculorum
816 652 943 714 vinculis
955 651 1145 714 liberaretur}
1175 653 1280 732 petiis
1324 655 1326 660 ’

180 747 243 807 viro
257 751 515 828 praestantissimo,
532 749 663 811 Hearico
678 749 780 830 Gally,
795 751 846 828 qui
861 759 923 810 turn
941 749 1062 810 Parisiis
1077 749 1280 829 degebamus

176 863 358 923 quacunque
384 847 498 906 ratione
527 856 640 926 posset,
666 845 745 905 illius
771 845 975 927 apographum
1005 846 1046 906 ad
1075 849 1123 908 'rue
1142 847 1279 908 'curaret

180 941 271 1009 Quod
286 943 442 1003 consilium
465 955 499 1002 ut
522 954 679 1023 acceperat
701 943 846 1004 Claudius
862 943 1025 1015 Sallierius,
1040 943 1191 1023 singulare
1205 945 1279 1005 Gat-
1334 957 1337 962 '

178 1035 229 1095 liae
242 1027 366 1098 eruditae
380 1049 596 1113 ornamentum,
612 1040 721 1111 statim,
735 1059 789 1120 pro
803 1039 910 1100 eximio
925 1059 981 1100 suo
1003 1041 1154 1101 literarum
1172 1041 1281 1121 juvan·

176 1131 284 1192 darum
317 1135 428 1208 studio,
457 1136 553 1195 amico
581 1146 684 1198 nostro
712 1137 819 1197 veteris
847 1139 1027 1197 membranae
1054 1138 1171 1217 copiam
1200 1138 1280 1200 lecit.

180 1223 326 1308 Magnum¹
341 1241 439 1291 autem
453 1232 580 1292 fortunae
594 1253 703 1293 munus
718 1234 748 1292 in
763 1227 800 1294 eo
814 1235 972 1314 posuerim,
987 1233 1068 1314 quod
1092 1233 1281 1296 describendi

176 1326 357 1404 provinciam
377 1327 589 1391 humanissime
611 1330 744 1410 suscepit
763 1329 921 1390 cultissimi
943 1331 1055 1410 ingenii
1075 1351 1132 1392 nec
1147 1331 1279 1411 vulgaris

177 1413 352 1482 eruditionis
367 1425 420 1496 vir,
440 1425 573 1486 loannes
589 1427 859 1507 Capparonnerius,
870 1445 995 1507 eamque
1009 1438 1069 1488 tam
1091 1430 1209 1508 egregie
1223 1425 1278 1490 s'd·

178 1519 362 1592 ministravit,
381 1521 454 1580 nibil
478 1532 513 1582 ut
537 1541 627 1602 supra
647 1523 710 1584 fieri
733 1543 823 1604 posse
847 1523 1012 1586 videatur?
1054 1524 1169 1586 Nactus
1190 1523 1281 1605 igitur

177 1616 393 1696 apographum,
407 1618 552 1679 Timaeum
574 1640 640 1680 cunr
662 1618 790 1680 Platone
811 1619 1104 1700 comparare,'atque
1124 1621 1201 1681 adeo
1214 1622 1279 1701 ejus
1321 1675 1325 1680 ,

178 1710 338 1772 editionem
348 1731 451 1773 curare
463 1716 540 1794 coepi
553 1733 560 1774 r
592 1716 622 1773 in
637 1735 698 1794 qua
712 1733 780 1794 quoe
791 1715 830 1775 sit
843 1735 862 1776 a
875 1717 961 1776 uobis
976 1727 1092 1776 servata
1105 1715 1191 1790 ratio,
1203 1737 1280 1797 pau·

177 1809 222 1867 cis
246 1809 456 1887 exponendum
481 1809 605 1870 videtur.
657 1805 802 1872 codicem
829 1812 968 1883 veterem,
992 1811 1050 1891 qui'
1065 1815 1172 1874 unicus
1193 1815 1279 1876 'nunc

176 1914 324 1984 superest,
347 1925 463 1966 summa
484 1907 695 1985 repraesentavi
723 1907 891 1987 religione.'
927 1908 1059 1969 Alterius
1083 1910 1280 1991 Manusoripti

175 2001 272 2061 vicem
287 2001 398 2080 saepius
413 2004 569 2082 explerunt
588 2003 712 2064 Photius
729 2005 790 2062 Ms.
816 2013 848 2064 et
872 2003 991 2078 Suidas,
1015 2004 1176 2084 aliquando
1190 2007 1280 2068 atiani

134 2103 136 2107 “
176 2097 373 2178 Etymologus
386 2099 431 2158 M.
445 2100 497 2179 qui
518 2117 620 2159 omues
635 2101 744 2159 bonam
757 2099 847 2178 bujus
872 2099 1018 2162 Glossarii
1031 2115 1145 2181 partem
1160 2103 1199 2162 ad
1216 2123 1280 2165 ver·

137 2268 141 2276 Ι
174 2195 247 2254 bum
268 2195 499 2276 descripserunt,
523 2197 643 2258 nornine
667 2196 797 2256 auctoris
823 2215 994 2278 suppresso.
1043 2200 1167 2268 Quoties
1187 2220 1279 2282 quarn

176 2292 334 2352 salutarem
349 2310 471 2372 operam
491 2293 546 2352 sibi
560 2302 663 2353 mutuo
682 2293 877 2373 prestiterim
897 2295 1026 2356 Timaui
1041 2305 1073 2354 et
1085 2295 1205 2371 Suidas,
1217 2317 1279 2358 non

176 2387 241 2448 sine
261 2387 415 2468 voluptate
438 2409 475 2448 ex
488 2389 794 2450 animadversionibus
807 2389 917 2450 uostris
932 2393 1279 2471 cognosces,si1nul·ad··

175 2483 298 2557 mirans,
313 2481 360 2544 Cl.
375 2485 537 2546 Kustsrum
563 2507 600 2546 ex
624 2497 668 2548 tot
690 2487 853 2547 Platonicis
879 2487 1000 2566 glossis,
1017 2489 1097 2567 quas‘
1118 2490 1226 2550 Suidas
1247 2492 1279 2552 in

174 2581 353 2661 farraginem
369 2601 453 2642 suam
467 2583 630 2663 congessit,
652 2584 701 2644 vix
721 2603 812 2644 unam
834 2584 994 2645 alteramve
1008 2584 1046 2644 ad
1063 2585 1219 2646 Platonem
1232 2607 1279 2647 re-

174 2677 290 2740 tulisse.
334 2679 434 2739 Photii
448 2680 575 2740 Lexicon
598 2679 742 2740 ineditum
762 2680 858 2741 evolvi
870 2680 949 2758 apud
963 2679 1057 2741 virum
1073 2680 1194 2762 ingenii,
1208 2683 1280 2746 doc·

175 2773 272 2849 trinae,
283 2775 440 2855 probitatis
454 2775 533 2836 lama
546 2776 754 2848 clarissimum,
769 2777 918 2836 loannem
930 2777 1093 2852 albertum,
1108 2779 1156 2839 cui
1176 2781 1278 2843 multis

174 2872 343 2932 nominibus
358 2882 474 2932 tantum
488 2871 595 2945 debeo,
610 2880 753 2950 quantum
777 2873 814 2931 ab
835 2872 953 2934 homine
967 2874 1066 2934 deberi
1087 2875 1199 2938 homini
1211 2877 1276 2960 plu·

173 2969 277 3028 simum
292 2979 402 3047 potest.
444 2968 537 3028 Porro
556 2987 641 3027 suam
661 2967 767 3046 cuique
782 2968 892 3048 glossae
907 2970 1008 3032 sedem
1030 2972 1200 3054 assignavi:
1222 2977 1278 3039 ali·

174 3083 249 3140 quas
262 3063 350 3123 stiam
367 3064 492 3124 latentes
507 3065 536 3123 in
552 3065 649 3125 lucem
664 3067 810 3140 revocavi,
821 3077 912 3146 atqua
927 3088 943 3128 e
962 3067 1034 3150 suga
1047 3073 1166 3133 retraxi.
1208 3073 1277 3142 Qua

174 3171 273 3220 tamen
289 3160 317 3218 in
333 3179 364 3223 re
378 3159 445 3240 plus
461 3180 568 3222 navare
583 3171 614 3222 et
624 3162 740 3222 efficere
755 3163 930 3242 potuissem,
944 3165 1002 3225 uisi
1016 3169 1137 3241 crebrae,
1155 3169 1193 3228 de
1208 3172 1279 3248 qui·¹

173 3257 230 3316 bus
245 3257 334 3318 modo
349 3257 420 3330 dixi,
433 3258 677 3338 interpolationes
692 3277 779 3320 omne
792 3261 849 3321 hoc
861 3261 1096 3340 conjecturarum
1112 3283 1206 3342 genus
1220 3285 1276 3328 an-

175 3371 246 3433 ceps
268 3364 299 3414 et
319 3355 463 3416 lubricum
480 3353 692 3417 reddidissent.
736 3357 795 3416 Sed
820 3377 887 3418 cum
911 3360 1006 3418 omnis
1030 3358 1097 3419 baeo
1120 3378 1210 3439 opera
1235 3361 1274 3424 ad

172 3449 328 3512 Platonem
354 3452 575 3513 emendandum
599 3452 868 3532 illustrandumque
889 3465 1062 3533 comparata
1077 3456 1126 3530 sit,
1140 3475 1220 3536 saepe
1235 3458 1275 3518 de

170 3539 379 3608 illustrioribus
404 3547 468 3628 ejus
491 3549 565 3609 locis
590 3549 739 3628 disputavi
762 3550 868 3623 fusius,
892 3549 1085 3631 inprimisque
1106 3553 1215 3627 fontes,
1235 3573 1275 3616 ex

169 3642 280 3720 quibus
294 3645 473 3722 posteriores
488 3646 646 3724 scriptores
661 3645 770 3706 rivulos
791 3644 940 3720 duxerint,
956 3646 1114 3726 diligenter
1134 3647 1277 3710 indicavi*

172 3737 318 3819 Equidem
331 3740 412 3800 haud
427 3741 499 3813 scio,
511 3741 684 3802 utilitatisue
695 3743 766 3823 plus
779 3735 898 3814 babeat,
912 3763 949 3804 au
969 3743 1140 3824 voluptatis,
1154 3745 1274 3807 collatis
1288 3749 1294 3758 “

169 3837 247 3898 inter
265 3855 297 3898 se
313 3837 387 3898 locis
402 3853 592 3916 cognoscere,
607 3835 679 3916 q'uid
693 3839 818 3920 quisque
833 3859 851 3901 a
866 3841 993 3900 Platone
1008 3851 1159 3904 mutuatus
1174 3842 1224 3916 sit,
1241 3859 1275 3903 er

169 3949 231 4012 quo
243 3933 343 4006 modo,
357 3934 438 4014 quod
454 3933 588 4012 Platonis
602 3946 676 4006 erat,
695 3936 840 3996 imitando
851 3938 954 3998 fecerit
968 3957 1065 3999 suum.
1107 3938 1176 4005 Qua
1189 3937 1227 4000 de
1241 3959 1271 4000 re

169 4045 267 4110 pauca
279 4031 309 4089 in
324 4027 502 4092 uuiversum¹
512 4031 600 4109 juvat
622 4031 778 4092 disserere.
822 4033 878 4092 Vix
892 4035 1052 4114 qnisquam
1070 4045 1141 4114 post
1152 4035 1273 4097 heroica

201 4273 216 4304 ⁴⁵
233 4275 375 4346 Porsennae
397 4294 425 4326 ea
447 4277 525 4344 magni
538 4277 658 4341 momenti,
673 4295 726 4346 quse
738 4278 943 4344 Capperonnerius
960 4269 1101 4346 neglexerat,
1122 4280 1210 4334 Codice
1230 4273 1275 4329 ite·⁴

167 4349 218 4406 rum
230 4371 336 4423 excusso,
349 4358 386 4409 ct
399 4359 545 4410 Villoisonus
556 4361 586 4408 ad
599 4360 704 4424 Longum
723 4377 747 4425 p.
757 4365 812 4414 lvo.
823 4361 945 4412 indicarit.
