3182 5172
326 353 382 440 ου
742 347 1011 426 rrrrAror

329 531 551 647 Μοροχοιιόι.]Ι
582 537 675 617 siais
695 574 754 630 τις,
786 535 856 617 dri
884 535 1062 647 Μορύχου,
1092 539 1122 617 ἒν
1143 533 1162 646 ᾗ
1181 535 1243 616 καὶ
1259 532 1437 648 Ἄρτεμις

441 648 647 756 Μορυχοιῖα,
666 645 735 728 nini
756 651 816 728 τοῦ
829 646 1102 788 καόιόρόσοοντος.

330 758 518 865 Μουνυχίαν
538 759 599 838 aori
619 753 737 838 Zeia}
766 756 899 866 λιμένες
920 761 1022 868 ἕτερον
1043 763 1103 840 τοῦ
1122 755 1319 868 Πειραιέως.

331 862 486 973 Μυόᾷν.1
517 867 648 978 διὀχρον
669 862 761 964 εἶναι,
790 869 1049 960 uaticinantium.

360 1087 369 1130 l
386 1084 522 1173 Mopvxolo]
539 1083 862 1153 RespexitTimseuaPhadr.
897 1087 972 1138 Fuere
989 1087 1089 1152 scilicet,
1103 1085 1144 1152 qui
1161 1103 1174 1135 ι
1191 1086 1282 1136 Piroeeo
1301 1085 1437 1149 distingue·

331 1167 356 1214 p.
368 1157 425 1201 887.
437 1154 489 1202 init.
517 1151 583 1215 Ατὰρ
593 1152 681 1203 Λυσίας
690 1153 727 1212 ἣν,
736 1155 767 1203 ὥς
778 1154 864 1218 ἔοικεν,
897 1163 956 1202 rent.
990 1153 1029 1200 De
1051 1153 1184 1216 Munychitt
1201 1151 1266 1199 locus
1285 1151 1383 1212 insignis
1398 1160 1438 1197 est

326 1217 358 1264 ’ἐν
368 1214 445 1264 ἄστει.
478 1219 536 1264 dlii.
553 1216 608 1278 Nol,
627 1218 680 1281 παρ’
691 1217 824 1282 Ἐτικρότει
839 1216 866 1268 ἔν
898 1215 997 1281 Ulpiani
1008 1218 1038 1265 ud
1050 1216 1205 1265 Demosthen.
1217 1231 1260 1278 pro
1271 1213 1326 1263 Gor.
1337 1229 1362 1276 p.
1375 1215 1436 1263 533.

330 1281 389 1344 τῇδε
402 1279 546 1338 τ’τλησόον
561 1283 605 1329 τοῦ
614 1281 744 1342 Ὀλυμπίου
758 1282 820 1346 cirtio
834 1285 866 1348 τῇ
898 1281 925 1329 F.
958 1281 1023 1329 Vide
1033 1281 1123 1328 Meurs.
1133 1281 1163 1328 de
1174 1280 1263 1327 Piraeeo
1274 1295 1327 1340 cap.
1339 1282 1363 1327 0.
1374 1287 1399 1325 ct
1410 1284 1438 1328 9.

331 1297 450 1406 Mopnxip.
468 1345 509 1391 ubi
519 1344 627 1392 Hermias
642 1346 742 1393 Scholiis
759 1347 819 1396 Mas.
836 1349 865 1396 ‘0
897 1353 922 1394 et
933 1361 986 1409 quas
1005 1343 1175 1393 communicavi
1192 1359 1245 1390 cum
1257 1342 1286 1390 P.
1298 1343 1438 1390 Burmanno

332 1405 358 1455 ii
369 1405 480 1469 Μόρυχος
490 1405 638 1472 1γόιντριςτδς
653 1407 780 1476 ἅνθρωπος,
795 1409 834 1460 καὶ
849 1410 866 1470 ἡ
898 1409 1008 1457 Secundo
1019 1410 1049 1456 ed
1064 1407 1172 1471 Propert.
1188 1407 1215 1455 ii.
1226 1411 1251 1455 2.
1263 1410 1304 1456 59.
1337 1405 1439 1453 Latinos

331 1470 440 1534 κομρδόα
450 1471 523 1519 αι’ντδν
532 1472 563 1522 όις
578 1472 757 1538 γαστρίμαργον
766 1473 866 1531 διαβάλ-
898 1479 981 1537 poetas
991 1475 1054 1522 hunc
1069 1480 1163 1535 portum
1178 1471 1250 1518 modo
1267 1469 1436 1533 Munychiam,

331 1543 378 1583 λεν.
389 1551 404 1582 ιι
412 1550 460 1598 quo
468 1535 526 1583 nihil
535 1536 652 1602 discrepat
660 1537 801 1588 Scholiastes
811 1540 866 1587 Plu·
899 1538 970 1586 modo
988 1535 1144 1600 Munychiam
1159 1549 1251 1595 vocare,
1262 1534 1333 1581 docet
1351 1534 1438 1580 Mark-

330 1599 403 1648 tonis.
436 1599 548 1663 Morychi
568 1599 646 1664 gulam
657 1617 672 1648 s
682 1599 785 1652 Cornicis
796 1617 865 1651 vexa·
899 1602 983 1650 luridus
994 1603 1025 1648 ad
1036 1601 1096 1648 sus.
1108 1600 1167 1648 Silv.
1178 1615 1201 1646 v.
1212 1602 1237 1647 8.
1249 1601 1305 1648 107.

327 1669 379 1710 'tarn
401 1677 462 1720 esse,
482 1664 518 1711 his
539 1664 597 1712 locis
617 1665 764 1729 intelligitur.
797 1665 866 1715 Plato
931 1665 1050 1731 ιΜνδᾷν]
1082 1663 1145 1715 cod.
1167 1663 1219 1710 Ms.
1240 1661 1340 1724 Μνδιᾷν.
1373 1661 1436 1719 Quas

332 1726 446 1776 Comicus
467 1729 531 1790 apud
552 1728 631 1780 Schoi.
659 1730 811 1796 Aristophan.
836 1732 868 1778 ad
900 1730 974 1778 forma
984 1745 1037 1777 cum
1049 1727 1114 1776 nullo
1123 1743 1166 1774 usu
1175 1733 1269 1788 recepta
1279 1726 1395 1786 rideatur,
1407 1742 1437 1773 ex

332 1789 399 1839 Nub.
409 1808 433 1839 v.
444 1795 501 1840 109.
511 1789 545 1842 ’o
556 1795 603 1841 ieie
620 1792 725 1858 Μόρυχε,
743 1794 802 1844 rios
820 1791 868 1860 ’γδρ
900 1793 988 1841 Photio
999 1792 1049 1842 Ma.
1065 1799 1090 1840 et
1105 1790 1179 1840 Suida
1193 1791 1269 1854 μνδᾷν
1279 1790 1435 1851 reposuimus.
1473 1797 1481 1814 ¹·

331 1854 447 1916 εὐδαίμων
458 1854 525 1919 ἔφυς,
537 1857 583 1905 Kal
599 1857 742 1922 Γλαυκέτης,
752 1859 768 1918 ἡ
778 1861 867 1925 ψῆττα,
901 1859 985 1921 mater
994 1856 1072 1920 (qnod
1080 1862 1118 1903 est
1125 1855 1202 1919 ipsum
1213 1854 1323 1902 latinum
1331 1855 1440 1918 madere)

332 1919 372 1966 troi
382 1918 514 1982 Λεωγόρας·
530 1920 562 1968 oi
570 1918 628 1981 ζῆτε
637 1921 745 1986 τερτνδν,
752 1923 820 1972 οὐδὲν
831 1924 868 1971 ἒν-
902 1929 926 1969 ct
935 1920 1012 1985 μνδᾷν
1022 1926 1122 1983 cognata
1136 1920 1207 1966 verba
1225 1924 1288 1973 sunt,
1304 1933 1349 1966 nec
1369 1915 1439 1966 diffe-

333 1982 478 2044 θνμοόμενοι.
495 1983 647 2048 Aristophan.
659 1985 763 2035 Acheru.
775 2005 799 2035 v.
811 1981 868 2037 Sili.
902 1993 960 2034 runt
975 1985 1050 2048 prima
1068 1982 1215 2046 significandi
1236 1981 1342 2031 notione.
1375 1981 1439 2030 Usus

326 2043 419 2094 Ἦλθες
439 2047 534 2105 ποθεινὴ
550 2047 593 2108 μὲν
610 2051 761 2112 τρυγῳδικοῖς
779 2050 868 2112 χόροις,
903 2057 982 2097 tamen
996 2049 1078 2112 pcip‘u
1095 2047 1120 2094 in
1139 2048 1200 2093 harto
1219 2053 1308 2109 partem
1326 2045 1400 2103 flexit,
1412 2055 1439 2100 ut

333 2107 548 2188 0οηδ1Μορόχφ.
572 2111 648 2174 Vesp.
660 2118 746 2188 νόθα.
758 2115 808 2177 Ζῇν
815 2113 870 2170 βίον
904 2129 996 2175 semper
1022 2114 1053 2159 de
1076 2111 1180 2186 pilosum
1207 2110 1310 2186 defluvio
1336 2109 1436 2184 dicatur.

333 2173 870 2304 iiiiiiiiiiltiiiiilihlii
904 2174 1438 2304 lliiissi‘iliitiqih'tiliil

334 2317 388 2364 quae
407 2303 460 2349 loca
474 2303 575 2350 videnda
591 2315 646 2352 sunt
661 2305 763 2353 Scholia.
779 2307 836 2355 Pac.
847 2323 869 2355 v.
922 2321 947 2352 ro
956 2311 1090 2368 putrescere
1101 2311 1126 2350 et
1128 2304 1217 2362 soeicre
1225 2307 1358 2364 usurpatur.
1375 2303 1439 2350 Vide

334 2365 407 2414 1008.
425 2364 535 2432 Μορύχῳ,
546 2367 631 2434 Τελέᾳ,
642 2369 775 2435 Γλαυκέτῃ,
786 2369 871 2421 ἄλλοις
904 2321 938 2418 ii
949 2369 1061 2433 Stephan.
1074 2366 1129 2416 Iud.
1139 2367 1210 2414 Thes.
1220 2365 1246 2413 in
1262 2375 1359 2429 utraque
1371 2383 1439 2429 voce,

334 2429 430 2480 Τόνθαις
450 2433 557 2481 πολλοῖς.
580 2447 649 2497 quern
673 2434 749 2483 locum
771 2435 870 2483 afferens
904 2431 1103 2482 ethes.OEcon.
1116 2431 1232 2494 Hippocr.
1260 2430 1357 2478 Ludunt
1368 2431 1391 2476 in
1404 2429 1439 2478 his

244 2491 248 2504 ’
334 2495 420 2544 Suidas
442 2513 464 2544 r.
487 2496 607 2560 Μόρυχος,
629 2495 679 2546 lraec
704 2497 870 2562 explicationis
904 2495 980 2544 vorbis
998 2496 1158 2560 permutandis
1174 2494 1270 2543 librarii.
1303 2494 1332 2541 In
1349 2493 1441 2542 Aristo·

334 2559 389 2607 loco
409 2559 513 2623 adjecit:
531 2561 649 2622 Ὀνόματα
665 2560 738 2625 adpro.
756 2560 821 2612 ciros
833 2563 870 2612 ert
903 2561 977 2624 phari.
995 2561 1060 2608 Plut.
1079 2577 1101 2608 v.
1114 2564 1170 2608 266.
1188 2567 1254 2606 vetus
1273 2559 1373 2606 Criticus
1390 2559 1439 2620 jam

334 2623 467 2689 μαγγανεόρ
485 2624 650 2684 διεβόβληντο.
684 2627 730 2674 Sed
743 2643 790 2675 non
802 2627 870 2676 dubi·
905 2625 960 2672 olim
987 2623 1157 2688 διττογραφόαν
1182 2624 1282 2670 notavit.
1323 2621 1439 2685 Apollon,

335 2689 434 2736 tandum
449 2697 494 2746 est,
506 2691 563 2752 quin
580 2691 617 2738 vel
632 2692 683 2754 ipse
695 2692 822 2756 scripserit,
833 2693 870 2740 vel
904 2687 985 2737 Rhod.
1004 2689 1037 2737 iii.
1057 2692 1129 2738 1041.
1148 2683 1204 2751 'lips
1222 2685 1247 2735 δὲ
1265 2683 1369 2751 μυδρίνας
1384 2687 1441 2736 τόδε

333 2751 359 2796 in
382 2753 481 2800 scholiis
499 2754 628 2817 deperditis
646 2755 757 2817 scripturn
775 2756 869 2818 legerit:
904 2751 1093 2816 tidpitatwhitffi'
1102 2749 1441 2817 &Mliil'viu'vi‘liisssslm

335 2811 763 2882 οὖτοιὲπὶλαιμαργόᾳδιεβόβληντο.
787 2821 871 2870 Βίαντα
903 2817 958 2866 τεδν
979 2819 1058 2879 δέμας.
1092 2817 1154 2865 ibid.
1177 2833 1199 2864 v.
1219 2820 1291 2864 1240.
1313 2815 1393 2877 Τόφρα
1415 2815 1442 2864 δὲ

336 2879 463 2939 Monychia
471 2881 558 2943 ineptis
566 2883 662 2929 librariis
670 2884 783 2947 originem
791 2885 870 2934 debet.
904 2880 1008 2940 Μηδείης
1018 2879 1219 2946 ὑποθημοσύνῃσιν
1234 2879 1317 2938 Ἰήσων
1330 2879 1442 2942 Φάρμακον

337 2941 409 2996 Quod
422 2951 519 2989 erratum
532 2959 578 2990 non
592 2946 675 2994 ieiellii
686 2963 785 2995 acumen
797 2949 870 2996 Hem.
902 2945 1015 3011 μυδήνας.
1050 2945 1171 2993 Nicander
1182 2945 1290 2992 Therinc.
1302 2962 1324 2993 v.
1338 2949 1395 2994 308.
1411 2947 1443 2992 Oi

337 3005 462 3050 sterhusii:
480 3013 486 3033 ⁸
499 3005 610 3068 Suspicor
620 3011 689 3057 verba
702 3012 726 3058 iu
740 3009 760 3068 ri
770 3010 871 3074 isal'rtp-
904 3010 930 3059 δὲ
946 3009 1010 3073 φόνῳ
1025 3009 1156 3071 potiones
1172 3009 1323 3071 ἆναπρίουσιν
1337 3007 1440 3058 όδόντες.

335 3069 617 3134 τερα-καθιδρύσαντας
634 3073 681 3120 huo
691 3064 748 3121 esse'
758 3091 800 3137 per
810 3090 872 3122 erro·
903 3076 951 3122 Sed
963 3074 1078 3140 inprimis,
1089 3082 1116 3121 ut
1127 3074 1184 3134 dixi,
1192 3075 1267 3138 μυδᾷν
1274 3077 1303 3122 de
1308 3076 1441 3136 putredine,

335 3147 384 3180 rem
408 3136 518 3182 translata
540 3151 568 3182 ex
590 3135 697 3199 sequenti
719 3139 826 3202 articulo,
847 3148 873 3187 st
904 3151 957 3202 pcoe
967 3139 1081 3198 satorem
1095 3137 1193 3202 emittis,
1212 3139 1354 3200 frequentari
1372 3138 1441 3187 solet..

334 3199 592 3260 postesetnendatione
601 3201 750 3263 prevaluisse
761 3203 872 3265 scripturn
903 3203 1033 3265 Sophocles
1053 3203 1135 3266 Antig.
1155 3207 1228 3251 1020.
1252 3203 1356 3249 Μυδῶσα
1374 3201 1443 3258 κηκ1ς

336 3265 461 3326 Μορνχαῖα
472 3279 514 3328 pro
526 3263 657 3328 Μουννχῐα·
673 3266 794 3313 notissima
809 3275 872 3316 certe
902 3265 991 3330 μηρίων
1002 3266 1109 3323 ἐτήκετο.
1142 3265 1191 3313 Dio
1203 3265 1324 3328 chrysost.
1337 3265 1405 3312 Orat.
1419 3283 1444 3314 v.

335 3328 387 3376 haec
398 3327 486 3376 Disnn.
502 3329 540 3376 Sic
551 3329 608 3389 ἡμῖν
618 3332 641 3376 in
654 3330 704 3379 Νῦν
713 3329 759 3388 δή.’
776 3329 871 3396 titana,
904 3346 928 3393 p.
938 3335 978 3380 80.
990 3331 1019 3380 C.
1036 3332 1082 3378 Τδν
1092 3328 1118 3379 δὲ
1129 3328 1212 3392 νεκρδν
1220 3329 1336 3389 εὑρεθῆναι
1347 3329 1443 3392 σαπρόν

335 3407 389 3454 qnae
397 3391 447 3456 jam
459 3393 540 3441 Photii
550 3401 654 3456 ternpore
665 3393 807 3464 interpolata
817 3396 871 3456 tuit,
903 3395 948 3454 liin
965 3394 1004 3443 xci
1022 3396 1138 3455 μυδῶντα.
1172 3393 1269 3440 Lucisn.
1284 3391 1439 3444 Dial.lllort.

336 3457 405 3502 sicin
423 3457 475 3513 eins
493 3458 573 3507 Lexic.
587 3460 635 3506 Ms.
651 3467 770 3506 contracta
785 3461 871 3522 reperi·
903 3460 950 3507 xiv.
963 3475 987 3520 p.
999 3463 1054 3507 008.
1072 3459 1175 3521 δρῶντας
1184 3456 1228 3506 τόν
1237 3455 1318 3517 νεκρόν
1327 3457 1372 3505 τοῦ
1387 3459 1442 3505 θεοῦ

336 3526 389 3566 tur:
408 3520 540 3582 Μορυχαόα.
552 3520 612 3572 ohta
622 3541 667 3576 τις,
687 3522 735 3571 sat
750 3523 871 3587 Μορύχος,
904 3521 1005 3581 ἐκτάδην
1024 3521 1140 3585 κείμενον,
1154 3523 1262 3582 μυδῶντα
1279 3522 1325 3580 ἤδη
1337 3520 1375 3570 καὶ
1386 3522 1412 3582 ἐξ
1433 3547 1441 3559 ·

336 3581 398 3644 (sic)
421 3585 447 3629 ἐν
464 3581 614 3648 ᾔἌρτεμνς.
648 3587 669 3634 Α
691 3586 802 3650 Μόρυχος
817 3605 871 3636 vero
904 3586 1000 3645 δηκότα.
1022 3588 1099 3643 Quem
1108 3585 1440 3649 Lucianilocumpraenltero

335 3646 448 3693 formatur
459 3647 588 3711 Μορόχιος,
598 3664 645 3697 non
660 3655 803 3714 Μορυχαῖος.
837 3653 870 3700 Il·
903 3651 970 3698 Dial.
983 3651 1056 3700 Mort.
1068 3651 1110 3700 vii.
1123 3666 1147 3713 p.
1158 3653 1214 3698 8⁵⁷.
1238 3649 1439 3713 Bergleruscorn·

336 3709 377 3754 lud
390 3708 461 3770 igitur
470 3715 605 3762 tenendum.
904 3731 984 3779 parare
992 3716 1106 3762 debuemt
1115 3729 1167 3762 cum
1178 3713 1285 3777 Alciphr.
1294 3714 1347 3761 Lib.
1357 3713 1390 3760 iii.
1401 3729 1441 3774 ep.

369 3770 520 3835 11Μουννχόα
537 3777 575 3825 καὶ
586 3775 651 3840 Zela]
684 3777 776 3825 Neuter
789 3786 871 3841 portus
904 3784 944 3828 22.
961 3777 1086 3828 heiroldus
1104 3777 1288 3842 τρότηνταότην
1303 3776 1391 3839 ἡμέραν
1403 3777 1442 3824 ἐκ·

338 3836 362 3880 in
375 3835 474 3886 Platone
491 3842 600 3889 occurrit.
633 3841 680 3888 Pro
692 3840 785 3903 λιμένες
795 3841 871 3906 ἕτερον
903 3841 986 3902 τόδην,
1003 3843 1275 3907 νεκρδν,ἥδημυδῆσαν.
1309 3841 1440 3889 idernLih.

337 3897 436 3948 Photius
456 3903 513 3953 Lex.
530 3905 579 3954 llis.
603 3906 669 3969 legit,
690 3903 783 3966 λιμένες
805 3906 871 3969 iepol.
904 3907 1021 3970 i.ep.l'i.
1055 3909 1151 3962 Lormus
1162 3906 1190 3954 L.
1202 3907 1236 3954 iii.
1249 3923 1274 3968 p.
1286 3910 1343 3955 128.
1376 3905 1441 3952 Vide

336 3963 383 4009 Sed
403 3964 483 4013 Timici
502 3968 573 4016 lectio
590 3971 712 4017 retinenda
730 3979 775 4035 est,
794 3978 818 4018 et
837 3972 870 4019 sic
902 3972 1082 4020 eruditissimum
1106 3969 1217 4018 Koeuium
1241 3971 1271 4015 ad
1292 3969 1389 4031 Gregor.
1410 3970 1441 4015 de

337 4031 491 4087 exponenda:
501 4035 633 4094 portusalii
644 4035 733 4084 diversi
743 4051 758 4083 a
767 4036 870 4084 Piroeeo.
903 4035 1008 4084 Dialect.
1021 4052 1044 4099 p.
1057 4039 1114 4084 261.
1148 4034 1201 4081 Nec
1211 4034 1299 4096 μυδςῖν,
1308 4049 1352 4082 nec
1362 4033 1443 4096 μαδᾷν

338 4089 387 4137 Cur
407 4093 468 4139 enirn
488 4098 560 4159 uirgis
580 4097 645 4164 1ερο1,
663 4115 733 4163 quarn
749 4099 870 4149 Piraeeus?
904 4101 998 4150 anobis
1010 4100 1034 4147 in
1047 4100 1147 4148 Platone
1159 4106 1276 4161 repertum
1289 4105 1332 4145 est.
