<?xml version="1.0" encoding="UTF-8"?>
<!DOCTYPE html PUBLIC "-//W3C//DTD XHTML 1.0 Transitional//EN"
    "http://www.w3.org/TR/xhtml1/DTD/xhtml1-transitional.dtd">
<html xmlns="http://www.w3.org/1999/xhtml" xml:lang="en" lang="en">
 <head>
  <title>
</title>
<meta http-equiv="Content-Type" content="text/html;charset=utf-8" />
  <meta name='ocr-system' content='tesseract 3.04.00' />
  <meta name='ocr-capabilities' content='ocr_page ocr_carea ocr_par ocr_line ocrx_word'/>
</head>
<body>
  <div class='ocr_page' id='page_1' title='image "./lexiconvocumpla00timagoog_0043.png"; bbox 0 0 3164 5170; ppageno 0'>
   <div class='ocr_carea' id='block_1_1' title="bbox 330 342 1048 428">
    <p class='ocr_par' dir='ltr' id='par_1_1' title="bbox 330 342 1048 428">
     <span class='ocr_line' id='line_1_1' title="bbox 330 342 1048 428; baseline -0.011 -2"><span class='ocrx_word' id='word_1_1' title='bbox 330 351 435 428; x_wconf 71' lang='grc' dir='ltr'><strong><em>δθιι.</em></strong></span> <span class='ocrx_word' id='word_1_2' title='bbox 749 342 1017 422; x_wconf 70' lang='grc' dir='ltr'><strong>ΤΙΜΑΙΟΥ</strong></span> <span class='ocrx_word' id='word_1_3' title='bbox 1042 411 1048 418; x_wconf 86' lang='grc'><strong><em>.</em></strong></span> 
     </span>
    </p>
   </div>
   <div class='ocr_carea' id='block_1_2' title="bbox 324 530 1433 757">
    <p class='ocr_par' dir='ltr' id='par_1_2' title="bbox 324 530 1433 757">
     <span class='ocr_line' id='line_1_2' title="bbox 327 530 830 643; baseline -0.004 -29"><span class='ocrx_word' id='word_1_4' title='bbox 327 531 565 641; x_wconf 54' lang='grc' dir='ltr'><strong><em>Ἀτάρριισιςῖ</em></strong></span> <span class='ocrx_word' id='word_1_5' title='bbox 586 530 830 643; x_wconf 74' lang='grc' dir='ltr'><strong><em>ἀπαγόρευσις.</em></strong></span> 
     </span>
     <span class='ocr_line' id='line_1_3' title="bbox 324 640 1433 757; baseline -0.003 -30"><span class='ocrx_word' id='word_1_6' title='bbox 324 640 656 754; x_wconf 71' lang='grc' dir='ltr'><strong><em>Ἀτοτεθρυιιμέιοι.“</em></strong></span> <span class='ocrx_word' id='word_1_7' title='bbox 686 642 945 757; x_wconf 70' lang='grc' dir='ltr'><strong><em>ἀπηγριωμέναι.</em></strong></span> <span class='ocrx_word' id='word_1_8' title='bbox 977 643 1105 754; x_wconf 70' lang='grc' dir='ltr'><strong><em>εἴρηται</em></strong></span> <span class='ocrx_word' id='word_1_9' title='bbox 1135 640 1170 723; x_wconf 75' lang='lat' dir='ltr'>di</span> <span class='ocrx_word' id='word_1_10' title='bbox 1200 642 1298 723; x_wconf 72' lang='grc' dir='ltr'><strong><em>κατὰ</em></strong></span> <span class='ocrx_word' id='word_1_11' title='bbox 1316 677 1433 750; x_wconf 82' lang='grc' dir='ltr'><strong><em>μετοι-</em></strong></span> 
     </span>
    </p>
   </div>
   <div class='ocr_carea' id='block_1_3' title="bbox 323 861 1435 3771">
    <p class='ocr_par' dir='ltr' id='par_1_3' title="bbox 323 861 1435 3771">
     <span class='ocr_line' id='line_1_4' title="bbox 327 861 1433 928; baseline -0.004 -12"><span class='ocrx_word' id='word_1_12' title='bbox 327 863 430 916; x_wconf 68' lang='lat' dir='ltr'>notros</span> <span class='ocrx_word' id='word_1_13' title='bbox 440 883 486 913; x_wconf 89' lang='grc' dir='ltr'><strong><em>που</em></strong></span> <span class='ocrx_word' id='word_1_14' title='bbox 496 862 573 928; x_wconf 85' lang='grc' dir='ltr'><strong><em>λέγει,</em></strong></span> <span class='ocrx_word' id='word_1_15' title='bbox 584 863 661 926; x_wconf 76' lang='grc' dir='ltr'><strong><em>ἤγουν</em></strong></span> <span class='ocrx_word' id='word_1_16' title='bbox 670 863 715 912; x_wconf 81' lang='grc' dir='ltr'><strong><em>ὑπό</em></strong></span> <span class='ocrx_word' id='word_1_17' title='bbox 726 868 773 915; x_wconf 84' lang='grc' dir='ltr'><strong><em>τοῖιν</em></strong></span> <span class='ocrx_word' id='word_1_18' title='bbox 784 867 863 915; x_wconf 87' lang='grc' dir='ltr'><strong><em>διδασ·</em></strong></span> <span class='ocrx_word' id='word_1_19' title='bbox 896 866 990 920; x_wconf 85' lang='lat' dir='ltr'>Suidas,</span> <span class='ocrx_word' id='word_1_20' title='bbox 1008 872 1072 913; x_wconf 80' lang='lat' dir='ltr'>etex</span> <span class='ocrx_word' id='word_1_21' title='bbox 1083 878 1113 911; x_wconf 88' lang='lat' dir='ltr'>eo</span> <span class='ocrx_word' id='word_1_22' title='bbox 1123 861 1263 925; x_wconf 77' lang='lat' dir='ltr'>Apostolius</span> <span class='ocrx_word' id='word_1_23' title='bbox 1274 861 1385 910; x_wconf 82' lang='lat' dir='ltr'>Proverb.</span> <span class='ocrx_word' id='word_1_24' title='bbox 1406 879 1433 926; x_wconf 90' lang='lat' dir='ltr'>p.</span> 
     </span>
     <span class='ocr_line' id='line_1_5' title="bbox 327 925 1433 994; baseline -0.003 -14"><span class='ocrx_word' id='word_1_25' title='bbox 327 930 407 980; x_wconf 88' lang='grc' dir='ltr'><strong><em>κάλοιν</em></strong></span> <span class='ocrx_word' id='word_1_26' title='bbox 426 929 555 994; x_wconf 77' lang='grc' dir='ltr'><strong><em>ἀρυτάσθαι</em></strong></span> <span class='ocrx_word' id='word_1_27' title='bbox 572 928 604 977; x_wconf 87' lang='grc' dir='ltr'><strong><em>τά</em></strong></span> <span class='ocrx_word' id='word_1_28' title='bbox 619 927 753 990; x_wconf 70' lang='grc' dir='ltr'><strong><em>μαθήματα,</em></strong></span> <span class='ocrx_word' id='word_1_29' title='bbox 772 931 803 980; x_wconf 78' lang='grc' dir='ltr'><strong><em>ἀς</em></strong></span> <span class='ocrx_word' id='word_1_30' title='bbox 816 930 864 980; x_wconf 77' lang='lat' dir='ltr'>tsi</span> <span class='ocrx_word' id='word_1_31' title='bbox 895 935 935 981; x_wconf 79' lang='grc'><strong><em>40.</em></strong></span> <span class='ocrx_word' id='word_1_32' title='bbox 948 929 1037 993; x_wconf 75' lang='lat' dir='ltr'>legunt,</span> <span class='ocrx_word' id='word_1_33' title='bbox 1053 927 1267 990; x_wconf 79' lang='grc' dir='ltr'><strong><em>Ἀποτεθριοιμόνοι,</em></strong></span> <span class='ocrx_word' id='word_1_34' title='bbox 1284 933 1309 974; x_wconf 89' lang='lat' dir='ltr'>et</span> <span class='ocrx_word' id='word_1_35' title='bbox 1324 925 1433 991; x_wconf 83' lang='grc' dir='ltr'><strong><em>τεθρίοιν,</em></strong></span> 
     </span>
     <span class='ocr_line' id='line_1_6' title="bbox 327 989 1433 1057; baseline -0.005 -12"><span class='ocrx_word' id='word_1_36' title='bbox 327 994 445 1057; x_wconf 85' lang='grc' dir='ltr'><strong><em>στόματος</em></strong></span> <span class='ocrx_word' id='word_1_37' title='bbox 456 991 545 1054; x_wconf 82' lang='grc' dir='ltr'><strong><em>λέγειν.</em></strong></span> <span class='ocrx_word' id='word_1_38' title='bbox 578 993 672 1041; x_wconf 85' lang='lat' dir='ltr'>Polluci</span> <span class='ocrx_word' id='word_1_39' title='bbox 688 995 806 1042; x_wconf 77' lang='lat' dir='ltr'>consentit</span> <span class='ocrx_word' id='word_1_40' title='bbox 824 993 863 1043; x_wconf 61' lang='lat' dir='ltr'>vess</span> <span class='ocrx_word' id='word_1_41' title='bbox 896 993 1034 1057; x_wconf 81' lang='lat' dir='ltr'>Apostolius</span> <span class='ocrx_word' id='word_1_42' title='bbox 1061 993 1131 1040; x_wconf 88' lang='lat' dir='ltr'>etiam</span> <span class='ocrx_word' id='word_1_43' title='bbox 1160 989 1257 1053; x_wconf 85' lang='grc' dir='ltr'><strong><em>λάχανα</em></strong></span> <span class='ocrx_word' id='word_1_44' title='bbox 1284 1007 1326 1054; x_wconf 87' lang='lat' dir='ltr'>pro</span> <span class='ocrx_word' id='word_1_45' title='bbox 1356 991 1433 1054; x_wconf 80' lang='grc' dir='ltr'><strong><em>φυτά.</em></strong></span> 
     </span>
     <span class='ocr_line' id='line_1_7' title="bbox 327 1056 1432 1122; baseline -0.005 -13"><span class='ocrx_word' id='word_1_46' title='bbox 327 1071 364 1109; x_wconf 85' lang='lat' dir='ltr'>tus</span> <span class='ocrx_word' id='word_1_47' title='bbox 386 1060 557 1108; x_wconf 85' lang='lat' dir='ltr'>Grnmmaticus</span> <span class='ocrx_word' id='word_1_48' title='bbox 577 1057 641 1118; x_wconf 85' lang='lat' dir='ltr'>apud</span> <span class='ocrx_word' id='word_1_49' title='bbox 656 1059 767 1106; x_wconf 84' lang='lat' dir='ltr'>Suidasn:</span> <span class='ocrx_word' id='word_1_50' title='bbox 793 1060 862 1108; x_wconf 80' lang='grc' dir='ltr'><strong><em>Ἀπο-</em></strong></span> <span class='ocrx_word' id='word_1_51' title='bbox 896 1059 1003 1107; x_wconf 78' lang='lat' dir='ltr'>Eandem</span> <span class='ocrx_word' id='word_1_52' title='bbox 1019 1057 1119 1122; x_wconf 86' lang='lat' dir='ltr'>glossam</span> <span class='ocrx_word' id='word_1_53' title='bbox 1136 1057 1169 1105; x_wconf 90' lang='lat' dir='ltr'>sic</span> <span class='ocrx_word' id='word_1_54' title='bbox 1184 1056 1294 1118; x_wconf 80' lang='lat' dir='ltr'>scriptam</span> <span class='ocrx_word' id='word_1_55' title='bbox 1310 1072 1325 1104; x_wconf 84' lang='lat' dir='ltr'>s</span> <span class='ocrx_word' id='word_1_56' title='bbox 1340 1056 1432 1104; x_wconf 82' lang='lat' dir='ltr'>Timaeo</span> 
     </span>
     <span class='ocr_line' id='line_1_8' title="bbox 326 1119 1433 1186; baseline -0.005 -13"><span class='ocrx_word' id='word_1_57' title='bbox 326 1120 863 1185; x_wconf 73' lang='grc' dir='ltr'><strong><em>στοματόζεινφασάτδνδιδάσκαλον,ότανιιε-</em></strong></span> <span class='ocrx_word' id='word_1_58' title='bbox 895 1123 990 1186; x_wconf 86' lang='lat' dir='ltr'>repetiit</span> <span class='ocrx_word' id='word_1_59' title='bbox 1017 1121 1159 1170; x_wconf 84' lang='lat' dir='ltr'>Scholiastes</span> <span class='ocrx_word' id='word_1_60' title='bbox 1180 1119 1302 1168; x_wconf 75' lang='lat' dir='ltr'><strong>Platonis:</strong></span> <span class='ocrx_word' id='word_1_61' title='bbox 1330 1121 1433 1171; x_wconf 71' lang='lat' dir='ltr'>&#39;drose-</span> 
     </span>
     <span class='ocr_line' id='line_1_9' title="bbox 326 1183 1435 1298; baseline -0.002 -61"><span class='ocrx_word' id='word_1_62' title='bbox 326 1187 392 1237; x_wconf 80' lang='grc' dir='ltr'><strong><em>λεύει</em></strong></span> <span class='ocrx_word' id='word_1_63' title='bbox 402 1186 445 1235; x_wconf 80' lang='grc' dir='ltr'>τόν</span> <span class='ocrx_word' id='word_1_64' title='bbox 456 1187 527 1234; x_wconf 84' lang='grc' dir='ltr'><strong><em>παῖδα</em></strong></span> <span class='ocrx_word' id='word_1_65' title='bbox 544 1186 627 1246; x_wconf 88' lang='grc' dir='ltr'><strong><em>λέγειν</em></strong></span> <span class='ocrx_word' id='word_1_66' title='bbox 637 1185 698 1235; x_wconf 79' lang='grc' dir='ltr'><strong><em>ἀττα</em></strong></span> <span class='ocrx_word' id='word_1_67' title='bbox 715 1185 762 1235; x_wconf 64' lang='lat' dir='ltr'>tet</span> <span class='ocrx_word' id='word_1_68' title='bbox 773 1186 862 1249; x_wconf 85' lang='grc' dir='ltr'><strong><em>στόμα-</em></strong></span> <span class='ocrx_word' id='word_1_69' title='bbox 895 1187 1027 1250; x_wconf 87' lang='grc' dir='ltr'><strong><em>θρυμμένοι,</em></strong></span> <span class='ocrx_word' id='word_1_70' title='bbox 1048 1183 1228 1298; x_wconf 70' lang='grc' dir='ltr'><strong><em>ἀπηριοιμέσοτ.</em></strong></span> <span class='ocrx_word' id='word_1_71' title='bbox 1254 1183 1342 1246; x_wconf 68' lang='grc' dir='ltr'><strong><em>εἴρηται</em></strong></span> <span class='ocrx_word' id='word_1_72' title='bbox 1368 1186 1435 1235; x_wconf 68' lang='grc' dir='ltr'><strong><em>κατὰ</em></strong></span> 
     </span>
     <span class='ocr_line' id='line_1_10' title="bbox 326 1247 1435 1316; baseline -0.003 -15"><span class='ocrx_word' id='word_1_73' title='bbox 326 1270 375 1301; x_wconf 90' lang='grc' dir='ltr'><strong><em>τος.</em></strong></span> <span class='ocrx_word' id='word_1_74' title='bbox 409 1251 525 1298; x_wconf 84' lang='lat' dir='ltr'>Disertius</span> <span class='ocrx_word' id='word_1_75' title='bbox 544 1250 693 1314; x_wconf 76' lang='lat' dir='ltr'>Phrynichus</span> <span class='ocrx_word' id='word_1_76' title='bbox 710 1258 862 1316; x_wconf 82' lang='grc' dir='ltr'><strong><em>Προπαρασιι.</em></strong></span> <span class='ocrx_word' id='word_1_77' title='bbox 893 1253 1030 1314; x_wconf 73' lang='grc' dir='ltr'><strong><em>μεταφορὰν</em></strong></span> <span class='ocrx_word' id='word_1_78' title='bbox 1045 1250 1090 1309; x_wconf 69' lang='grc' dir='ltr'>τὴν</span> <span class='ocrx_word' id='word_1_79' title='bbox 1124 1249 1156 1297; x_wconf 67' lang='lat' dir='ltr'>st</span> <span class='ocrx_word' id='word_1_80' title='bbox 1176 1253 1223 1298; x_wconf 74' lang='lat' dir='ltr'>sair</span> <span class='ocrx_word' id='word_1_81' title='bbox 1242 1248 1322 1313; x_wconf 79' lang='grc' dir='ltr'><strong><em>θράυν,</em></strong></span> <span class='ocrx_word' id='word_1_82' title='bbox 1344 1247 1360 1297; x_wconf 75' lang='grc' dir='ltr'><strong><em>ά</em></strong></span> <span class='ocrx_word' id='word_1_83' title='bbox 1379 1252 1435 1300; x_wconf 75' lang='grc' dir='ltr'><strong><em>ἔστι</em></strong></span> 
     </span>
     <span class='ocr_line' id='line_1_11' title="bbox 327 1313 1433 1380; baseline -0.005 -12"><span class='ocrx_word' id='word_1_84' title='bbox 327 1317 461 1380; x_wconf 70' lang='grc' dir='ltr'><strong><em>Σοφιστικῇ</em></strong></span> <span class='ocrx_word' id='word_1_85' title='bbox 472 1315 521 1362; x_wconf 81' lang='grc' dir='ltr'>Μι.</span> <span class='ocrx_word' id='word_1_86' title='bbox 554 1313 863 1379; x_wconf 74' lang='grc' dir='ltr'><strong><em>Ἀποστοματόζειν,τδάπά</em></strong></span> <span class='ocrx_word' id='word_1_87' title='bbox 894 1316 986 1376; x_wconf 69' lang='grc' dir='ltr'><strong><em>βοτάνη</em></strong></span> <span class='ocrx_word' id='word_1_88' title='bbox 1002 1315 1039 1366; x_wconf 78' lang='grc' dir='ltr'>τός</span> <span class='ocrx_word' id='word_1_89' title='bbox 1056 1314 1127 1378; x_wconf 86' lang='grc' dir='ltr'><strong><em>ἀγρια</em></strong></span> <span class='ocrx_word' id='word_1_90' title='bbox 1145 1314 1184 1364; x_wconf 69' lang='grc' dir='ltr'>καὶ</span> <span class='ocrx_word' id='word_1_91' title='bbox 1201 1313 1294 1376; x_wconf 80' lang='grc' dir='ltr'><strong><em>ἀγονος.</em></strong></span> <span class='ocrx_word' id='word_1_92' title='bbox 1328 1313 1433 1362; x_wconf 86' lang='lat' dir='ltr'>Hicdu-</span> 
     </span>
     <span class='ocr_line' id='line_1_12' title="bbox 327 1377 1434 1446; baseline -0.005 -14"><span class='ocrx_word' id='word_1_93' title='bbox 327 1379 473 1440; x_wconf 81' lang='grc' dir='ltr'><strong><em>στόματοςέ</em></strong></span> <span class='ocrx_word' id='word_1_94' title='bbox 521 1377 621 1439; x_wconf 87' lang='grc' dir='ltr'><strong><em>ιιμένους</em></strong></span> <span class='ocrx_word' id='word_1_95' title='bbox 637 1380 662 1427; x_wconf 79' lang='grc' dir='ltr'><strong><em>έν</em></strong></span> <span class='ocrx_word' id='word_1_96' title='bbox 678 1380 864 1446; x_wconf 69' lang='grc' dir='ltr'><strong><em>διδασκάλου,ἣ</em></strong></span> <span class='ocrx_word' id='word_1_97' title='bbox 897 1383 955 1445; x_wconf 88' lang='lat' dir='ltr'>plici</span> <span class='ocrx_word' id='word_1_98' title='bbox 976 1381 1146 1445; x_wconf 83' lang='lat' dir='ltr'>perspicuoque</span> <span class='ocrx_word' id='word_1_99' title='bbox 1174 1380 1292 1442; x_wconf 81' lang='lat' dir='ltr'>exemplo,</span> <span class='ocrx_word' id='word_1_100' title='bbox 1320 1385 1348 1425; x_wconf 91' lang='lat' dir='ltr'>ut</span> <span class='ocrx_word' id='word_1_101' title='bbox 1368 1395 1434 1427; x_wconf 85' lang='lat' dir='ltr'>error</span> 
     </span>
     <span class='ocr_line' id='line_1_13' title="bbox 326 1442 1434 1508; baseline -0.003 -14"><span class='ocrx_word' id='word_1_102' title='bbox 326 1448 450 1506; x_wconf 78' lang='grc' dir='ltr'><strong><em>γλῶσσαι,</em></strong></span> <span class='ocrx_word' id='word_1_103' title='bbox 500 1442 562 1492; x_wconf 82' lang='grc' dir='ltr'><strong><em>ἀλλο</em></strong></span> <span class='ocrx_word' id='word_1_104' title='bbox 572 1463 596 1492; x_wconf 92' lang='grc' dir='ltr'>τι</span> <span class='ocrx_word' id='word_1_105' title='bbox 613 1447 661 1493; x_wconf 78' lang='grc' dir='ltr'>τῶν</span> <span class='ocrx_word' id='word_1_106' title='bbox 670 1445 813 1506; x_wconf 77' lang='grc' dir='ltr'><strong><em>μαθημάτων</em></strong></span> <span class='ocrx_word' id='word_1_107' title='bbox 822 1445 864 1496; x_wconf 89' lang='grc' dir='ltr'><strong><em>λέ-</em></strong></span> <span class='ocrx_word' id='word_1_108' title='bbox 896 1462 995 1494; x_wconf 85' lang='lat' dir='ltr'>errorem</span> <span class='ocrx_word' id='word_1_109' title='bbox 1016 1459 1096 1508; x_wconf 88' lang='lat' dir='ltr'>parere</span> <span class='ocrx_word' id='word_1_110' title='bbox 1115 1444 1197 1500; x_wconf 80' lang='lat' dir='ltr'>soleat,</span> <span class='ocrx_word' id='word_1_111' title='bbox 1218 1443 1349 1506; x_wconf 82' lang='lat' dir='ltr'>intelligere</span> <span class='ocrx_word' id='word_1_112' title='bbox 1367 1443 1434 1495; x_wconf 88' lang='lat' dir='ltr'>licet.</span> 
     </span>
     <span class='ocr_line' id='line_1_14' title="bbox 325 1507 1432 1573; baseline -0.002 -15"><span class='ocrx_word' id='word_1_113' title='bbox 325 1524 387 1572; x_wconf 87' lang='grc' dir='ltr'><strong><em>γειν.</em></strong></span> <span class='ocrx_word' id='word_1_114' title='bbox 406 1526 420 1557; x_wconf 87' lang='lat' dir='ltr'>a</span> <span class='ocrx_word' id='word_1_115' title='bbox 437 1525 483 1573; x_wconf 91' lang='lat' dir='ltr'>quo</span> <span class='ocrx_word' id='word_1_116' title='bbox 495 1509 597 1556; x_wconf 89' lang='lat' dir='ltr'>eundern</span> <span class='ocrx_word' id='word_1_117' title='bbox 608 1509 716 1556; x_wconf 86' lang='lat' dir='ltr'>Platonis</span> <span class='ocrx_word' id='word_1_118' title='bbox 734 1512 810 1558; x_wconf 88' lang='lat' dir='ltr'>locum</span> <span class='ocrx_word' id='word_1_119' title='bbox 822 1528 863 1558; x_wconf 85' lang='lat' dir='ltr'>ex·</span> <span class='ocrx_word' id='word_1_120' title='bbox 895 1510 977 1557; x_wconf 76' lang='lat' dir='ltr'>&#39;limaci</span> <span class='ocrx_word' id='word_1_121' title='bbox 1000 1510 1106 1560; x_wconf 85' lang='lat' dir='ltr'>librarius</span> <span class='ocrx_word' id='word_1_122' title='bbox 1124 1524 1177 1557; x_wconf 89' lang='lat' dir='ltr'>cum</span> <span class='ocrx_word' id='word_1_123' title='bbox 1201 1524 1242 1570; x_wconf 89' lang='lat' dir='ltr'>per</span> <span class='ocrx_word' id='word_1_124' title='bbox 1261 1507 1432 1570; x_wconf 84' lang='lat' dir='ltr'>negligentiam</span> 
     </span>
     <span class='ocr_line' id='line_1_15' title="bbox 326 1571 1431 1640; baseline 0 -18"><span class='ocrx_word' id='word_1_125' title='bbox 326 1574 418 1639; x_wconf 85' lang='lat' dir='ltr'>plicari,</span> <span class='ocrx_word' id='word_1_126' title='bbox 429 1573 576 1637; x_wconf 84' lang='lat' dir='ltr'>perspicuum</span> <span class='ocrx_word' id='word_1_127' title='bbox 587 1581 631 1622; x_wconf 87' lang='lat' dir='ltr'>est.</span> <span class='ocrx_word' id='word_1_128' title='bbox 663 1572 704 1621; x_wconf 91' lang='lat' dir='ltr'>Ab</span> <span class='ocrx_word' id='word_1_129' title='bbox 720 1576 762 1624; x_wconf 83' lang='lat' dir='ltr'>hac</span> <span class='ocrx_word' id='word_1_130' title='bbox 774 1577 863 1640; x_wconf 80' lang='lat' dir='ltr'>signifi·</span> <span class='ocrx_word' id='word_1_131' title='bbox 895 1575 1025 1639; x_wconf 78' lang='lat' dir='ltr'>scripsisset</span> <span class='ocrx_word' id='word_1_132' title='bbox 1034 1579 1076 1622; x_wconf 89' lang='grc' dir='ltr'>τεθ</span> <span class='ocrx_word' id='word_1_133' title='bbox 1090 1571 1130 1622; x_wconf 73' lang='lat' dir='ltr'>loss</span> <span class='ocrx_word' id='word_1_134' title='bbox 1138 1574 1174 1621; x_wconf 87' lang='lat' dir='ltr'>vel</span> <span class='ocrx_word' id='word_1_135' title='bbox 1184 1572 1294 1636; x_wconf 83' lang='grc' dir='ltr'><strong><em>τεθρόιιν,</em></strong></span> <span class='ocrx_word' id='word_1_136' title='bbox 1302 1571 1431 1638; x_wconf 81' lang='grc' dir='ltr'><strong><em>ρτοθρόοιν,</em></strong></span> 
     </span>
     <span class='ocr_line' id='line_1_16' title="bbox 327 1636 1431 1706; baseline -0.002 -19"><span class='ocrx_word' id='word_1_137' title='bbox 327 1641 420 1688; x_wconf 83' lang='lat' dir='ltr'>catione</span> <span class='ocrx_word' id='word_1_138' title='bbox 438 1638 505 1685; x_wconf 82' lang='lat' dir='ltr'>llusit</span> <span class='ocrx_word' id='word_1_139' title='bbox 523 1637 577 1692; x_wconf 79' lang='lat' dir='ltr'>alin,</span> <span class='ocrx_word' id='word_1_140' title='bbox 596 1637 713 1686; x_wconf 82' lang='lat' dir='ltr'>ueteribus</span> <span class='ocrx_word' id='word_1_141' title='bbox 732 1641 863 1706; x_wconf 85' lang='lat' dir='ltr'>incognita,</span> <span class='ocrx_word' id='word_1_142' title='bbox 894 1641 933 1687; x_wconf 86' lang='lat' dir='ltr'>vel</span> <span class='ocrx_word' id='word_1_143' title='bbox 950 1641 1066 1703; x_wconf 82' lang='lat' dir='ltr'>potiusdp</span> <span class='ocrx_word' id='word_1_144' title='bbox 1099 1656 1120 1694; x_wconf 93' lang='grc' dir='ltr'>ν,</span> <span class='ocrx_word' id='word_1_145' title='bbox 1137 1636 1162 1685; x_wconf 90' lang='lat' dir='ltr'>id</span> <span class='ocrx_word' id='word_1_146' title='bbox 1173 1638 1258 1686; x_wconf 87' lang='lat' dir='ltr'>Suidas</span> <span class='ocrx_word' id='word_1_147' title='bbox 1273 1653 1321 1683; x_wconf 89' lang='lat' dir='ltr'>nou</span> <span class='ocrx_word' id='word_1_148' title='bbox 1338 1644 1431 1685; x_wconf 87' lang='lat' dir='ltr'>tautum</span> 
     </span>
     <span class='ocr_line' id='line_1_17' title="bbox 326 1702 1432 1768; baseline 0 -18"><span class='ocrx_word' id='word_1_149' title='bbox 326 1720 373 1768; x_wconf 84' lang='lat' dir='ltr'>qun</span> <span class='ocrx_word' id='word_1_150' title='bbox 394 1718 437 1767; x_wconf 89' lang='lat' dir='ltr'>pru</span> <span class='ocrx_word' id='word_1_151' title='bbox 459 1702 545 1752; x_wconf 78' lang='lat' dir='ltr'><strong><em>elicere</em></strong></span> <span class='ocrx_word' id='word_1_152' title='bbox 565 1703 596 1751; x_wconf 82' lang='lat' dir='ltr'>ad</span> <span class='ocrx_word' id='word_1_153' title='bbox 617 1703 757 1766; x_wconf 78' lang='lat' dir='ltr'>loquendum</span> <span class='ocrx_word' id='word_1_154' title='bbox 778 1705 864 1753; x_wconf 83' lang='lat' dir='ltr'>dieitur</span> <span class='ocrx_word' id='word_1_155' title='bbox 895 1705 956 1752; x_wconf 91' lang='lat' dir='ltr'>bona</span> <span class='ocrx_word' id='word_1_156' title='bbox 968 1705 1015 1751; x_wconf 87' lang='lat' dir='ltr'>lide</span> <span class='ocrx_word' id='word_1_157' title='bbox 1034 1703 1058 1750; x_wconf 91' lang='lat' dir='ltr'>in</span> <span class='ocrx_word' id='word_1_158' title='bbox 1070 1703 1251 1751; x_wconf 78' lang='lat' dir='ltr'>lexiconsuum</span> <span class='ocrx_word' id='word_1_159' title='bbox 1269 1702 1368 1763; x_wconf 85' lang='lat' dir='ltr'>recepit,</span> <span class='ocrx_word' id='word_1_160' title='bbox 1388 1704 1432 1750; x_wconf 91' lang='lat' dir='ltr'>sed</span> 
     </span>
     <span class='ocr_line' id='line_1_18' title="bbox 325 1766 1432 1834; baseline 0 -19"><span class='ocrx_word' id='word_1_161' title='bbox 325 1769 391 1832; x_wconf 83' lang='lat' dir='ltr'>apud</span> <span class='ocrx_word' id='word_1_162' title='bbox 402 1768 436 1817; x_wconf 92' lang='lat' dir='ltr'>D.</span> <span class='ocrx_word' id='word_1_163' title='bbox 449 1766 535 1816; x_wconf 86' lang='lat' dir='ltr'>Lucam</span> <span class='ocrx_word' id='word_1_164' title='bbox 545 1768 576 1815; x_wconf 84' lang='lat' dir='ltr'>xi.</span> <span class='ocrx_word' id='word_1_165' title='bbox 588 1771 629 1815; x_wconf 75' lang='lat'>53.</span> <span class='ocrx_word' id='word_1_166' title='bbox 646 1768 744 1830; x_wconf 76' lang='grc' dir='ltr'><strong><em>ἤρξαντο</em></strong></span> <span class='ocrx_word' id='word_1_167' title='bbox 755 1770 779 1817; x_wconf 86' lang='lat' dir='ltr'>ol</span> <span class='ocrx_word' id='word_1_168' title='bbox 788 1786 862 1832; x_wconf 85' lang='grc' dir='ltr'><strong><em>γραμ·</em></strong></span> <span class='ocrx_word' id='word_1_169' title='bbox 895 1778 1006 1834; x_wconf 83' lang='lat' dir='ltr'>praeterea</span> <span class='ocrx_word' id='word_1_170' title='bbox 1013 1769 1051 1814; x_wconf 86' lang='lat' dir='ltr'>vir</span> <span class='ocrx_word' id='word_1_171' title='bbox 1062 1767 1169 1815; x_wconf 76' lang='lat' dir='ltr'><strong>credibili</strong></span> <span class='ocrx_word' id='word_1_172' title='bbox 1177 1774 1271 1830; x_wconf 80' lang='lat' dir='ltr'>stupore</span> <span class='ocrx_word' id='word_1_173' title='bbox 1281 1781 1365 1813; x_wconf 84' lang='lat' dir='ltr'>noram</span> <span class='ocrx_word' id='word_1_174' title='bbox 1375 1766 1432 1815; x_wconf 87' lang='lat' dir='ltr'>iude</span> 
     </span>
     <span class='ocr_line' id='line_1_19' title="bbox 325 1831 1432 1896; baseline 0 -18"><span class='ocrx_word' id='word_1_175' title='bbox 325 1835 408 1895; x_wconf 79' lang='grc' dir='ltr'><strong><em>μαπεῖς</em></strong></span> <span class='ocrx_word' id='word_1_176' title='bbox 427 1831 465 1881; x_wconf 67' lang='grc' dir='ltr'>καὶ</span> <span class='ocrx_word' id='word_1_177' title='bbox 485 1833 508 1880; x_wconf 79' lang='grc' dir='ltr'>οἶ</span> <span class='ocrx_word' id='word_1_178' title='bbox 526 1834 645 1894; x_wconf 69' lang='grc' dir='ltr'><strong><em>Φαρισαῖοι</em></strong></span> <span class='ocrx_word' id='word_1_179' title='bbox 663 1835 744 1882; x_wconf 74' lang='grc' dir='ltr'><strong><em>δεινῶς</em></strong></span> <span class='ocrx_word' id='word_1_180' title='bbox 762 1833 862 1895; x_wconf 79' lang='grc' dir='ltr'><strong><em>ἐνέχειν,</em></strong></span> <span class='ocrx_word' id='word_1_181' title='bbox 895 1835 1005 1896; x_wconf 75' lang='lat' dir='ltr'>glossam,</span> <span class='ocrx_word' id='word_1_182' title='bbox 1040 1848 1076 1879; x_wconf 82' lang='lat' dir='ltr'>uae</span> <span class='ocrx_word' id='word_1_183' title='bbox 1093 1848 1135 1880; x_wconf 89' lang='lat' dir='ltr'>suo</span> <span class='ocrx_word' id='word_1_184' title='bbox 1152 1831 1204 1880; x_wconf 89' lang='lat' dir='ltr'>loco</span> <span class='ocrx_word' id='word_1_185' title='bbox 1222 1831 1353 1892; x_wconf 75' lang='lat' dir='ltr'>exhibetur,</span> <span class='ocrx_word' id='word_1_186' title='bbox 1367 1846 1432 1878; x_wconf 91' lang='lat' dir='ltr'>-cou-</span> 
     </span>
     <span class='ocr_line' id='line_1_20' title="bbox 325 1894 1431 1960; baseline -0.001 -14"><span class='ocrx_word' id='word_1_187' title='bbox 325 1897 365 1946; x_wconf 73' lang='lat' dir='ltr'>sod</span> <span class='ocrx_word' id='word_1_188' title='bbox 376 1894 572 1956; x_wconf 76' lang='grc' dir='ltr'><strong><em>ἀποστοματίζειν</em></strong></span> <span class='ocrx_word' id='word_1_189' title='bbox 588 1897 661 1944; x_wconf 75' lang='grc' dir='ltr'><strong><em>αὐτὸν</em></strong></span> <span class='ocrx_word' id='word_1_190' title='bbox 674 1898 727 1960; x_wconf 76' lang='grc' dir='ltr'><strong><em>περὶ</em></strong></span> <span class='ocrx_word' id='word_1_191' title='bbox 737 1898 861 1948; x_wconf 79' lang='grc' dir='ltr'><strong><em>πλειόνων.</em></strong></span> <span class='ocrx_word' id='word_1_192' title='bbox 894 1899 975 1945; x_wconf 77' lang='lat' dir='ltr'>fluxit:</span> <span class='ocrx_word' id='word_1_193' title='bbox 1000 1904 1020 1946; x_wconf 83' lang='lat' dir='ltr'>&#39;r</span> <span class='ocrx_word' id='word_1_194' title='bbox 1045 1915 1091 1960; x_wconf 87' lang='grc' dir='ltr'><strong><em>ρια.</em></strong></span> <span class='ocrx_word' id='word_1_195' title='bbox 1112 1896 1182 1960; x_wconf 81' lang='grc' dir='ltr'><strong><em>ἀγρια</em></strong></span> <span class='ocrx_word' id='word_1_196' title='bbox 1200 1894 1238 1945; x_wconf 69' lang='grc' dir='ltr'>καὶ</span> <span class='ocrx_word' id='word_1_197' title='bbox 1259 1894 1335 1955; x_wconf 80' lang='grc' dir='ltr'><strong><em>ἀγονα</em></strong></span> <span class='ocrx_word' id='word_1_198' title='bbox 1357 1895 1431 1956; x_wconf 75' lang='grc' dir='ltr'><strong><em>φυτά.</em></strong></span> 
     </span>
     <span class='ocr_line' id='line_1_21' title="bbox 325 1960 1432 2023; baseline -0.002 -13"><span class='ocrx_word' id='word_1_199' title='bbox 325 1964 367 2010; x_wconf 88' lang='lat' dir='ltr'>ubi</span> <span class='ocrx_word' id='word_1_200' title='bbox 387 1962 441 2008; x_wconf 87' lang='lat' dir='ltr'>vide</span> <span class='ocrx_word' id='word_1_201' title='bbox 459 1963 606 2023; x_wconf 87' lang='lat' dir='ltr'>interpretes,</span> <span class='ocrx_word' id='word_1_202' title='bbox 624 1960 730 2023; x_wconf 87' lang='lat' dir='ltr'>inprimis</span> <span class='ocrx_word' id='word_1_203' title='bbox 748 1963 782 2010; x_wconf 85' lang='lat' dir='ltr'>H.</span> <span class='ocrx_word' id='word_1_204' title='bbox 800 1964 862 2011; x_wconf 84' lang='lat' dir='ltr'>Gro-</span> <span class='ocrx_word' id='word_1_205' title='bbox 895 1963 960 2019; x_wconf 84' lang='lat' dir='ltr'>Quid</span> <span class='ocrx_word' id='word_1_206' title='bbox 972 1962 1015 2010; x_wconf 79' lang='lat' dir='ltr'>teli</span> <span class='ocrx_word' id='word_1_207' title='bbox 1030 1963 1124 2009; x_wconf 86' lang='lat' dir='ltr'>homins</span> <span class='ocrx_word' id='word_1_208' title='bbox 1138 1961 1227 2009; x_wconf 82' lang='lat' dir='ltr'>iacias?</span> <span class='ocrx_word' id='word_1_209' title='bbox 1260 1960 1432 2023; x_wconf 74' lang='lat' dir='ltr'>Magistamen</span> 
     </span>
     <span class='ocr_line' id='line_1_22' title="bbox 326 2024 1434 2089; baseline 0.002 -17"><span class='ocrx_word' id='word_1_210' title='bbox 326 2027 394 2073; x_wconf 86' lang='lat' dir='ltr'>tium.</span> <span class='ocrx_word' id='word_1_211' title='bbox 428 2024 534 2071; x_wconf 86' lang='lat' dir='ltr'>Platonis</span> <span class='ocrx_word' id='word_1_212' title='bbox 551 2025 616 2071; x_wconf 90' lang='lat' dir='ltr'>locus</span> <span class='ocrx_word' id='word_1_213' title='bbox 632 2025 676 2071; x_wconf 85' lang='lat' dir='ltr'>etsi</span> <span class='ocrx_word' id='word_1_214' title='bbox 693 2034 814 2089; x_wconf 87' lang='lat' dir='ltr'>utramque</span> <span class='ocrx_word' id='word_1_215' title='bbox 825 2029 863 2074; x_wconf 90' lang='lat' dir='ltr'>in·</span> <span class='ocrx_word' id='word_1_216' title='bbox 895 2028 984 2086; x_wconf 81' lang='lat' dir='ltr'>mirere,</span> <span class='ocrx_word' id='word_1_217' title='bbox 995 2043 1024 2074; x_wconf 87' lang='lat' dir='ltr'>ne</span> <span class='ocrx_word' id='word_1_218' title='bbox 1035 2026 1149 2074; x_wconf 72' lang='lat' dir='ltr'>&#39;limeum</span> <span class='ocrx_word' id='word_1_219' title='bbox 1157 2025 1252 2089; x_wconf 89' lang='lat' dir='ltr'>quidem</span> <span class='ocrx_word' id='word_1_220' title='bbox 1261 2025 1304 2072; x_wconf 90' lang='lat' dir='ltr'>sibi</span> <span class='ocrx_word' id='word_1_221' title='bbox 1316 2026 1434 2074; x_wconf 84' lang='lat' dir='ltr'>aberrare</span> 
     </span>
     <span class='ocr_line' id='line_1_23' title="bbox 326 2088 1433 2155; baseline 0.002 -20"><span class='ocrx_word' id='word_1_222' title='bbox 326 2089 516 2152; x_wconf 86' lang='lat' dir='ltr'>terpretatiunem</span> <span class='ocrx_word' id='word_1_223' title='bbox 535 2088 628 2149; x_wconf 80' lang='lat' dir='ltr'>recipit,</span> <span class='ocrx_word' id='word_1_224' title='bbox 648 2090 766 2150; x_wconf 75' lang='lat' dir='ltr'>praelerani</span> <span class='ocrx_word' id='word_1_225' title='bbox 784 2098 862 2140; x_wconf 86' lang='lat' dir='ltr'>tansen</span> <span class='ocrx_word' id='word_1_226' title='bbox 894 2091 991 2151; x_wconf 83' lang='lat' dir='ltr'>cavisse,</span> <span class='ocrx_word' id='word_1_227' title='bbox 1006 2091 1046 2155; x_wconf 94' lang='lat' dir='ltr'>qui</span> <span class='ocrx_word' id='word_1_228' title='bbox 1061 2098 1142 2138; x_wconf 87' lang='lat' dir='ltr'>contra</span> <span class='ocrx_word' id='word_1_229' title='bbox 1159 2105 1187 2138; x_wconf 84' lang='lat' dir='ltr'>ac</span> <span class='ocrx_word' id='word_1_230' title='bbox 1205 2089 1318 2138; x_wconf 84' lang='lat' dir='ltr'>Criticunr</span> <span class='ocrx_word' id='word_1_231' title='bbox 1335 2098 1433 2137; x_wconf 85' lang='lat' dir='ltr'>acutum</span> 
     </span>
     <span class='ocr_line' id='line_1_24' title="bbox 326 2151 1434 2219; baseline -0.001 -16"><span class='ocrx_word' id='word_1_232' title='bbox 326 2152 461 2203; x_wconf 82' lang='lat' dir='ltr'>nsemoriter</span> <span class='ocrx_word' id='word_1_233' title='bbox 471 2151 606 2214; x_wconf 61' lang='lat' dir='ltr'>profferendi</span> <span class='ocrx_word' id='word_1_234' title='bbox 624 2161 774 2214; x_wconf 74' lang='lat' dir='ltr'>potestatem,</span> <span class='ocrx_word' id='word_1_235' title='bbox 792 2171 862 2218; x_wconf 79' lang='lat' dir='ltr'>qnam</span> <span class='ocrx_word' id='word_1_236' title='bbox 894 2157 1003 2219; x_wconf 80' lang='lat' dir='ltr'>decebat,</span> <span class='ocrx_word' id='word_1_237' title='bbox 1033 2156 1150 2202; x_wconf 86' lang='lat' dir='ltr'>mendosis</span> <span class='ocrx_word' id='word_1_238' title='bbox 1172 2154 1278 2202; x_wconf 83' lang='lat' dir='ltr'>Platonis</span> <span class='ocrx_word' id='word_1_239' title='bbox 1300 2153 1434 2202; x_wconf 80' lang='lat' dir='ltr'>codicibus</span> 
     </span>
     <span class='ocr_line' id='line_1_25' title="bbox 327 2216 1433 2284; baseline 0.001 -18"><span class='ocrx_word' id='word_1_240' title='bbox 327 2228 351 2266; x_wconf 87' lang='lat' dir='ltr'>et</span> <span class='ocrx_word' id='word_1_241' title='bbox 362 2216 500 2280; x_wconf 82' lang='lat' dir='ltr'>simplicitas</span> <span class='ocrx_word' id='word_1_242' title='bbox 512 2231 562 2272; x_wconf 86' lang='lat' dir='ltr'>sua,</span> <span class='ocrx_word' id='word_1_243' title='bbox 579 2223 604 2263; x_wconf 91' lang='lat' dir='ltr'>et</span> <span class='ocrx_word' id='word_1_244' title='bbox 613 2217 710 2264; x_wconf 85' lang='lat' dir='ltr'>aliorum</span> <span class='ocrx_word' id='word_1_245' title='bbox 723 2219 861 2283; x_wconf 84' lang='lat' dir='ltr'>scriptorum</span> <span class='ocrx_word' id='word_1_246' title='bbox 894 2235 945 2268; x_wconf 87' lang='lat' dir='ltr'>sese</span> <span class='ocrx_word' id='word_1_247' title='bbox 957 2236 1039 2284; x_wconf 88' lang='lat' dir='ltr'>passus</span> <span class='ocrx_word' id='word_1_248' title='bbox 1050 2219 1114 2267; x_wconf 87' lang='lat' dir='ltr'>sitin</span> <span class='ocrx_word' id='word_1_249' title='bbox 1126 2220 1230 2267; x_wconf 79' lang='lat' dir='ltr'>fraudem</span> <span class='ocrx_word' id='word_1_250' title='bbox 1243 2218 1332 2266; x_wconf 89' lang='lat' dir='ltr'>induci.</span> <span class='ocrx_word' id='word_1_251' title='bbox 1368 2217 1433 2267; x_wconf 82' lang='lat' dir='ltr'>Ecce</span> 
     </span>
     <span class='ocr_line' id='line_1_26' title="bbox 327 2280 1433 2345; baseline 0.002 -16"><span class='ocrx_word' id='word_1_252' title='bbox 327 2280 435 2344; x_wconf 83' lang='lat' dir='ltr'>exempla</span> <span class='ocrx_word' id='word_1_253' title='bbox 446 2281 619 2328; x_wconf 83' lang='lat' dir='ltr'>commendant.</span> <span class='ocrx_word' id='word_1_254' title='bbox 894 2286 967 2340; x_wconf 83' lang='lat' dir='ltr'>eninr,</span> <span class='ocrx_word' id='word_1_255' title='bbox 980 2286 1043 2332; x_wconf 89' lang='lat' dir='ltr'>unde</span> <span class='ocrx_word' id='word_1_256' title='bbox 1051 2283 1114 2331; x_wconf 88' lang='lat' dir='ltr'>istud</span> <span class='ocrx_word' id='word_1_257' title='bbox 1123 2284 1230 2332; x_wconf 84' lang='lat' dir='ltr'>lectionis</span> <span class='ocrx_word' id='word_1_258' title='bbox 1239 2290 1365 2331; x_wconf 89' lang='lat' dir='ltr'>monstrum</span> <span class='ocrx_word' id='word_1_259' title='bbox 1377 2298 1433 2345; x_wconf 88' lang='lat' dir='ltr'>pro-</span> 
     </span>
     <span class='ocr_line' id='line_1_27' title="bbox 359 2342 1434 2458; baseline 0.003 -64"><span class='ocrx_word' id='word_1_260' title='bbox 359 2342 535 2458; x_wconf 46' lang='grc' dir='ltr'>ΙἈιιόρργτιινις]</span> <span class='ocrx_word' id='word_1_261' title='bbox 576 2345 678 2407; x_wconf 84' lang='lat' dir='ltr'>Sophist.</span> <span class='ocrx_word' id='word_1_262' title='bbox 705 2363 727 2410; x_wconf 85' lang='lat' dir='ltr'>p.</span> <span class='ocrx_word' id='word_1_263' title='bbox 748 2352 804 2397; x_wconf 81' lang='lat'><strong>165.</strong></span> <span class='ocrx_word' id='word_1_264' title='bbox 826 2347 861 2398; x_wconf 91' lang='lat' dir='ltr'>D.</span> <span class='ocrx_word' id='word_1_265' title='bbox 894 2349 971 2397; x_wconf 72' lang='lat' dir='ltr'>dierit.</span> <span class='ocrx_word' id='word_1_266' title='bbox 998 2349 1069 2398; x_wconf 84' lang='lat' dir='ltr'>Polit.</span> <span class='ocrx_word' id='word_1_267' title='bbox 1078 2349 1109 2395; x_wconf 75' lang='lat' dir='ltr'>vi.</span> <span class='ocrx_word' id='word_1_268' title='bbox 1118 2365 1142 2412; x_wconf 90' lang='lat' dir='ltr'>p.</span> <span class='ocrx_word' id='word_1_269' title='bbox 1150 2353 1207 2397; x_wconf 74' lang='grc'><strong><em>478.</em></strong></span> <span class='ocrx_word' id='word_1_270' title='bbox 1220 2347 1251 2395; x_wconf 88' lang='lat' dir='ltr'>G.</span> <span class='ocrx_word' id='word_1_271' title='bbox 1269 2345 1296 2396; x_wconf 75' lang='grc' dir='ltr'>οὗ</span> <span class='ocrx_word' id='word_1_272' title='bbox 1304 2347 1434 2410; x_wconf 79' lang='grc' dir='ltr'><strong><em>δὴέφιέμε-</em></strong></span> 
     </span>
     <span class='ocr_line' id='line_1_28' title="bbox 325 2407 1434 2476; baseline 0.005 -17"><span class='ocrx_word' id='word_1_273' title='bbox 325 2407 372 2460; x_wconf 76' lang='lat' dir='ltr'>lst‘</span> <span class='ocrx_word' id='word_1_274' title='bbox 390 2407 432 2459; x_wconf 80' lang='grc' dir='ltr'>οὖν</span> <span class='ocrx_word' id='word_1_275' title='bbox 480 2408 650 2473; x_wconf 82' lang='grc' dir='ltr'><strong><em>ιΠαρμενόδου</em></strong></span> <span class='ocrx_word' id='word_1_276' title='bbox 667 2411 803 2476; x_wconf 81' lang='grc' dir='ltr'><strong><em>μακροτέρα</em></strong></span> <span class='ocrx_word' id='word_1_277' title='bbox 819 2415 863 2472; x_wconf 81' lang='grc' dir='ltr'>τῆς</span> <span class='ocrx_word' id='word_1_278' title='bbox 894 2432 930 2462; x_wconf 94' lang='grc' dir='ltr'>νοι</span> <span class='ocrx_word' id='word_1_279' title='bbox 938 2412 1036 2474; x_wconf 74' lang='grc' dir='ltr'><strong><em>πολλοὶ,</em></strong></span> <span class='ocrx_word' id='word_1_280' title='bbox 1046 2413 1140 2462; x_wconf 74' lang='grc' dir='ltr'><strong><em>ἀτελεῖς</em></strong></span> <span class='ocrx_word' id='word_1_281' title='bbox 1147 2411 1191 2474; x_wconf 71' lang='grc' dir='ltr'>μὲν</span> <span class='ocrx_word' id='word_1_282' title='bbox 1199 2411 1341 2476; x_wconf 61' lang='lat' dir='ltr'>sesemen,</span> <span class='ocrx_word' id='word_1_283' title='bbox 1353 2413 1397 2460; x_wconf 80' lang='grc' dir='ltr'>ἀπδ</span> <span class='ocrx_word' id='word_1_284' title='bbox 1406 2413 1434 2464; x_wconf 76' lang='grc' dir='ltr'>δὲ</span> 
     </span>
     <span class='ocr_line' id='line_1_29' title="bbox 326 2473 1432 2542; baseline 0.004 -18"><span class='ocrx_word' id='word_1_285' title='bbox 326 2474 476 2540; x_wconf 67' lang='lat' dir='ltr'>&amp;supplicetis</span> <span class='ocrx_word' id='word_1_286' title='bbox 495 2473 677 2538; x_wconf 69' lang='grc' dir='ltr'><strong><em>ἀφεστήκαμενῑ</em></strong></span> <span class='ocrx_word' id='word_1_287' title='bbox 704 2476 775 2526; x_wconf 89' lang='lat' dir='ltr'>Polit.</span> <span class='ocrx_word' id='word_1_288' title='bbox 792 2478 818 2526; x_wconf 85' lang='lat' dir='ltr'>ii.</span> <span class='ocrx_word' id='word_1_289' title='bbox 837 2494 861 2541; x_wconf 91' lang='lat' dir='ltr'>p.</span> <span class='ocrx_word' id='word_1_290' title='bbox 894 2483 942 2528; x_wconf 71' lang='grc' dir='ltr'>τῶν</span> <span class='ocrx_word' id='word_1_291' title='bbox 950 2481 1043 2541; x_wconf 75' lang='grc' dir='ltr'><strong><em>τεχνῶν</em></strong></span> <span class='ocrx_word' id='word_1_292' title='bbox 1054 2497 1080 2527; x_wconf 88' lang='grc' dir='ltr'>τε</span> <span class='ocrx_word' id='word_1_293' title='bbox 1090 2478 1128 2526; x_wconf 77' lang='grc' dir='ltr'>καὶ</span> <span class='ocrx_word' id='word_1_294' title='bbox 1146 2480 1300 2542; x_wconf 77' lang='grc' dir='ltr'><strong><em>δημιουργιῶν</em></strong></span> <span class='ocrx_word' id='word_1_295' title='bbox 1310 2479 1389 2540; x_wconf 72' lang='grc' dir='ltr'><strong><em>ὥσπερ</em></strong></span> <span class='ocrx_word' id='word_1_296' title='bbox 1398 2479 1432 2528; x_wconf 84' lang='grc' dir='ltr'><strong><em>τά</em></strong></span> 
     </span>
     <span class='ocr_line' id='line_1_30' title="bbox 324 2539 1433 2606; baseline 0.002 -17"><span class='ocrx_word' id='word_1_297' title='bbox 324 2545 382 2589; x_wconf 74' lang='lat'><strong>⁴21.</strong></span> <span class='ocrx_word' id='word_1_298' title='bbox 395 2541 424 2589; x_wconf 86' lang='lat' dir='ltr'>C.</span> <span class='ocrx_word' id='word_1_299' title='bbox 441 2540 479 2590; x_wconf 77' lang='lat' dir='ltr'>secl</span> <span class='ocrx_word' id='word_1_300' title='bbox 491 2539 568 2600; x_wconf 68' lang='grc' dir='ltr'><strong><em>δάκαὶ</em></strong></span> <span class='ocrx_word' id='word_1_301' title='bbox 578 2539 636 2589; x_wconf 92' lang='grc' dir='ltr'><strong><em>τότε</em></strong></span> <span class='ocrx_word' id='word_1_302' title='bbox 644 2541 689 2590; x_wconf 81' lang='grc' dir='ltr'>τοῦ</span> <span class='ocrx_word' id='word_1_303' title='bbox 701 2541 862 2606; x_wconf 68' lang='grc' dir='ltr'><strong><em>Θρασυμάχου</em></strong></span> <span class='ocrx_word' id='word_1_304' title='bbox 893 2544 992 2605; x_wconf 79' lang='grc' dir='ltr'><strong><em>σώματα</em></strong></span> <span class='ocrx_word' id='word_1_305' title='bbox 1002 2541 1161 2602; x_wconf 73' lang='grc' dir='ltr'><strong><em>λελώβηνται,</em></strong></span> <span class='ocrx_word' id='word_1_306' title='bbox 1179 2542 1239 2594; x_wconf 66' lang='grc' dir='ltr'><strong><em>οὗτοι</em></strong></span> <span class='ocrx_word' id='word_1_307' title='bbox 1250 2542 1288 2592; x_wconf 69' lang='grc' dir='ltr'>καὶ</span> <span class='ocrx_word' id='word_1_308' title='bbox 1298 2542 1343 2591; x_wconf 85' lang='grc' dir='ltr'><strong><em>τάς</em></strong></span> <span class='ocrx_word' id='word_1_309' title='bbox 1352 2543 1433 2606; x_wconf 59' lang='grc' dir='ltr'><strong><em>ψυχάς</em></strong></span> 
     </span>
     <span class='ocr_line' id='line_1_31' title="bbox 325 2604 1432 2672; baseline 0.005 -19"><span class='ocrx_word' id='word_1_310' title='bbox 325 2606 370 2663; x_wconf 79' lang='grc' dir='ltr'>τὴν</span> <span class='ocrx_word' id='word_1_311' title='bbox 381 2604 510 2670; x_wconf 70' lang='grc' dir='ltr'><strong><em>ἀπόρρησιν</em></strong></span> <span class='ocrx_word' id='word_1_312' title='bbox 521 2605 563 2655; x_wconf 75' lang='grc' dir='ltr'>οὐκ</span> <span class='ocrx_word' id='word_1_313' title='bbox 574 2605 711 2666; x_wconf 75' lang='grc' dir='ltr'><strong><em>ἀπεδέξατο.</em></strong></span> <span class='ocrx_word' id='word_1_314' title='bbox 728 2623 775 2668; x_wconf 88' lang='lat' dir='ltr'>quo</span> <span class='ocrx_word' id='word_1_315' title='bbox 788 2609 862 2670; x_wconf 89' lang='lat' dir='ltr'>respi·</span> <span class='ocrx_word' id='word_1_316' title='bbox 893 2606 1099 2669; x_wconf 72' lang='grc' dir='ltr'><strong><em>συγκεκλασμένοι</em></strong></span> <span class='ocrx_word' id='word_1_317' title='bbox 1120 2626 1149 2657; x_wconf 90' lang='grc' dir='ltr'>τε</span> <span class='ocrx_word' id='word_1_318' title='bbox 1170 2607 1209 2656; x_wconf 74' lang='grc' dir='ltr'>καὶ</span> <span class='ocrx_word' id='word_1_319' title='bbox 1232 2606 1432 2672; x_wconf 65' lang='grc' dir='ltr'><strong><em>ἀποτεθρυμμένοι</em></strong></span> 
     </span>
     <span class='ocr_line' id='line_1_32' title="bbox 324 2669 1432 2735; baseline 0.005 -18"><span class='ocrx_word' id='word_1_320' title='bbox 324 2669 449 2717; x_wconf 86' lang='lat' dir='ltr'>citPollux</span> <span class='ocrx_word' id='word_1_321' title='bbox 464 2671 487 2717; x_wconf 90' lang='lat' dir='ltr'>ii.</span> <span class='ocrx_word' id='word_1_322' title='bbox 499 2675 552 2720; x_wconf 78' lang='lat'>127.</span> <span class='ocrx_word' id='word_1_323' title='bbox 580 2669 714 2720; x_wconf 78' lang='grc' dir='ltr'><strong><em>Πλάτανδέ</em></strong></span> <span class='ocrx_word' id='word_1_324' title='bbox 722 2669 861 2735; x_wconf 83' lang='grc' dir='ltr'><strong><em>ἀπόρρησιν,</em></strong></span> <span class='ocrx_word' id='word_1_325' title='bbox 894 2672 932 2721; x_wconf 76' lang='lat' dir='ltr'>tsi</span> <span class='ocrx_word' id='word_1_326' title='bbox 949 2673 992 2722; x_wconf 78' lang='grc' dir='ltr'><strong><em>τάι</em></strong></span> <span class='ocrx_word' id='word_1_327' title='bbox 1009 2671 1139 2730; x_wconf 70' lang='grc' dir='ltr'><strong><em>βαναυσίας</em></strong></span> <span class='ocrx_word' id='word_1_328' title='bbox 1159 2670 1329 2735; x_wconf 89' lang='grc' dir='ltr'><strong><em>τυγχάνουσιν.</em></strong></span> <span class='ocrx_word' id='word_1_329' title='bbox 1362 2673 1432 2722; x_wconf 85' lang='lat' dir='ltr'>Nilsil</span> 
     </span>
     <span class='ocr_line' id='line_1_33' title="bbox 325 2733 1432 2801; baseline 0.005 -20"><span class='ocrx_word' id='word_1_330' title='bbox 325 2733 370 2792; x_wconf 74' lang='grc' dir='ltr'>τὴν</span> <span class='ocrx_word' id='word_1_331' title='bbox 388 2734 554 2798; x_wconf 77' lang='grc' dir='ltr'><strong><em>ἀπαγόρευσιν.</em></strong></span> <span class='ocrx_word' id='word_1_332' title='bbox 575 2736 614 2784; x_wconf 74' lang='grc' dir='ltr'><strong><em>καὶ</em></strong></span> <span class='ocrx_word' id='word_1_333' title='bbox 631 2734 794 2799; x_wconf 73' lang='grc' dir='ltr'><strong><em>ἀπαγορεύειν,</em></strong></span> <span class='ocrx_word' id='word_1_334' title='bbox 813 2735 864 2788; x_wconf 76' lang='grc' dir='ltr'><strong><em>οἷον</em></strong></span> <span class='ocrx_word' id='word_1_335' title='bbox 895 2738 970 2786; x_wconf 83' lang='lat' dir='ltr'>dicam</span> <span class='ocrx_word' id='word_1_336' title='bbox 982 2739 1013 2786; x_wconf 86' lang='lat' dir='ltr'>de</span> <span class='ocrx_word' id='word_1_337' title='bbox 1028 2739 1093 2786; x_wconf 85' lang='lat' dir='ltr'>verbi</span> <span class='ocrx_word' id='word_1_338' title='bbox 1110 2739 1279 2801; x_wconf 82' lang='grc' dir='ltr'><strong><em>ἀποθρυοῦσθαι</em></strong></span> <span class='ocrx_word' id='word_1_339' title='bbox 1294 2737 1432 2796; x_wconf 82' lang='lat' dir='ltr'>insolentia,</span> 
     </span>
     <span class='ocr_line' id='line_1_34' title="bbox 325 2797 1432 2866; baseline 0.004 -20"><span class='ocrx_word' id='word_1_340' title='bbox 325 2797 355 2846; x_wconf 76' lang='lat' dir='ltr'>sb</span> <span class='ocrx_word' id='word_1_341' title='bbox 366 2798 502 2858; x_wconf 79' lang='grc' dir='ltr'><strong><em>ἀποκαμεῖν.</em></strong></span> <span class='ocrx_word' id='word_1_342' title='bbox 515 2799 555 2845; x_wconf 89' lang='lat' dir='ltr'>ubi</span> <span class='ocrx_word' id='word_1_343' title='bbox 573 2801 626 2848; x_wconf 82' lang='lat' dir='ltr'>uide</span> <span class='ocrx_word' id='word_1_344' title='bbox 642 2801 658 2851; x_wconf 89' lang='lat' dir='ltr'>J</span> <span class='ocrx_word' id='word_1_345' title='bbox 660 2817 795 2863; x_wconf 76' lang='lat' dir='ltr'>ungerman.</span> <span class='ocrx_word' id='word_1_346' title='bbox 830 2805 864 2849; x_wconf 84' lang='lat' dir='ltr'>At</span> <span class='ocrx_word' id='word_1_347' title='bbox 894 2817 948 2866; x_wconf 74' lang='lat' dir='ltr'>quas</span> <span class='ocrx_word' id='word_1_348' title='bbox 961 2803 997 2849; x_wconf 90' lang='lat' dir='ltr'>vel</span> <span class='ocrx_word' id='word_1_349' title='bbox 1014 2803 1170 2850; x_wconf 79' lang='lat' dir='ltr'>hebetioribus</span> <span class='ocrx_word' id='word_1_350' title='bbox 1181 2803 1282 2864; x_wconf 79' lang='lat' dir='ltr'>ingeniis</span> <span class='ocrx_word' id='word_1_351' title='bbox 1293 2803 1432 2866; x_wconf 67' lang='lat' dir='ltr'>corruptela</span> 
     </span>
     <span class='ocr_line' id='line_1_35' title="bbox 327 2855 1431 2930; baseline 0.005 -21"><span class='ocrx_word' id='word_1_352' title='bbox 327 2861 394 2909; x_wconf 88' lang='lat' dir='ltr'>aliter</span> <span class='ocrx_word' id='word_1_353' title='bbox 404 2864 505 2908; x_wconf 89' lang='lat' dir='ltr'>eundern</span> <span class='ocrx_word' id='word_1_354' title='bbox 523 2863 599 2910; x_wconf 89' lang='lat' dir='ltr'>locum</span> <span class='ocrx_word' id='word_1_355' title='bbox 616 2865 704 2925; x_wconf 79' lang='lat' dir='ltr'>accipit</span> <span class='ocrx_word' id='word_1_356' title='bbox 715 2855 863 2930; x_wconf 80' lang='lat' dir='ltr'>Phrynichus</span> <span class='ocrx_word' id='word_1_357' title='bbox 895 2867 1053 2929; x_wconf 83' lang='lat' dir='ltr'>suspicionem</span> <span class='ocrx_word' id='word_1_358' title='bbox 1066 2874 1167 2915; x_wconf 79' lang='lat' dir='ltr'>movent.</span> <span class='ocrx_word' id='word_1_359' title='bbox 1201 2867 1261 2924; x_wconf 86' lang='lat' dir='ltr'>Quis</span> <span class='ocrx_word' id='word_1_360' title='bbox 1272 2875 1316 2928; x_wconf 87' lang='lat' dir='ltr'>est,</span> <span class='ocrx_word' id='word_1_361' title='bbox 1332 2869 1390 2930; x_wconf 91' lang='lat' dir='ltr'>quin</span> <span class='ocrx_word' id='word_1_362' title='bbox 1401 2885 1431 2916; x_wconf 85' lang='lat' dir='ltr'>ex</span> 
     </span>
     <span class='ocr_line' id='line_1_36' title="bbox 325 2924 1433 2996; baseline 0.006 -23"><span class='ocrx_word' id='word_1_363' title='bbox 325 2925 428 2973; x_wconf 88' lang='lat' dir='ltr'>ineditus</span> <span class='ocrx_word' id='word_1_364' title='bbox 439 2943 445 2973; x_wconf 82' lang='grc' dir='ltr'><strong><em>ι</em></strong></span> <span class='ocrx_word' id='word_1_365' title='bbox 462 2924 608 2988; x_wconf 78' lang='grc' dir='ltr'><strong><em>Ἀτόρρησις.</em></strong></span> <span class='ocrx_word' id='word_1_366' title='bbox 619 2928 634 2986; x_wconf 82' lang='lat' dir='ltr'>⁷‘t</span> <span class='ocrx_word' id='word_1_367' title='bbox 644 2927 689 2988; x_wconf 77' lang='grc' dir='ltr'>μὲν</span> <span class='ocrx_word' id='word_1_368' title='bbox 699 2928 808 2987; x_wconf 74' lang='grc' dir='ltr'><strong><em>συνήθεια</em></strong></span> <span class='ocrx_word' id='word_1_369' title='bbox 817 2933 863 2989; x_wconf 76' lang='grc' dir='ltr'>τὴν</span> <span class='ocrx_word' id='word_1_370' title='bbox 895 2931 1007 2995; x_wconf 84' lang='lat' dir='ltr'>adjuncto</span> <span class='ocrx_word' id='word_1_371' title='bbox 1017 2934 1086 2980; x_wconf 79' lang='lat' dir='ltr'>verbo</span> <span class='ocrx_word' id='word_1_372' title='bbox 1094 2930 1298 2994; x_wconf 84' lang='grc' dir='ltr'><strong><em>συγκεκλασμένοι</em></strong></span> <span class='ocrx_word' id='word_1_373' title='bbox 1307 2933 1433 2996; x_wconf 86' lang='lat' dir='ltr'>intelligat,</span> 
     </span>
     <span class='ocr_line' id='line_1_37' title="bbox 326 2987 1431 3061; baseline 0.005 -23"><span class='ocrx_word' id='word_1_374' title='bbox 326 2987 485 3051; x_wconf 81' lang='grc' dir='ltr'><strong><em>ἀπαγόρευσιν</em></strong></span> <span class='ocrx_word' id='word_1_375' title='bbox 506 2989 580 3039; x_wconf 74' lang='grc' dir='ltr'><strong><em>οὕτως</em></strong></span> <span class='ocrx_word' id='word_1_376' title='bbox 598 2991 675 3052; x_wconf 84' lang='grc' dir='ltr'><strong><em>λέγει.</em></strong></span> <span class='ocrx_word' id='word_1_377' title='bbox 714 2993 816 3044; x_wconf 79' lang='grc' dir='ltr'><strong><em>Πλάτων</em></strong></span> <span class='ocrx_word' id='word_1_378' title='bbox 837 2994 863 3044; x_wconf 77' lang='grc' dir='ltr'>δὲ</span> <span class='ocrx_word' id='word_1_379' title='bbox 895 2995 1100 3061; x_wconf 86' lang='grc' dir='ltr'><strong><em>ἀποτεθρυμμένοι,</em></strong></span> <span class='ocrx_word' id='word_1_380' title='bbox 1122 2994 1191 3060; x_wconf 86' lang='lat' dir='ltr'>cujus</span> <span class='ocrx_word' id='word_1_381' title='bbox 1209 2997 1287 3060; x_wconf 78' lang='lat' dir='ltr'>glossis</span> <span class='ocrx_word' id='word_1_382' title='bbox 1305 3004 1341 3044; x_wconf 88' lang='lat' dir='ltr'>est</span> <span class='ocrx_word' id='word_1_383' title='bbox 1360 2996 1431 3046; x_wconf 84' lang='lat' dir='ltr'>leetio</span> 
     </span>
     <span class='ocr_line' id='line_1_38' title="bbox 325 3053 1431 3125; baseline 0.005 -23"><span class='ocrx_word' id='word_1_384' title='bbox 325 3053 380 3102; x_wconf 71' lang='grc' dir='ltr'><strong><em>ἀντὶ</em></strong></span> <span class='ocrx_word' id='word_1_385' title='bbox 390 3056 434 3102; x_wconf 79' lang='grc' dir='ltr'>τοῦ</span> <span class='ocrx_word' id='word_1_386' title='bbox 444 3055 512 3117; x_wconf 83' lang='grc' dir='ltr'><strong><em>ρῆσις</em></strong></span> <span class='ocrx_word' id='word_1_387' title='bbox 521 3055 578 3102; x_wconf 65' lang='lat' dir='ltr'>abst</span> <span class='ocrx_word' id='word_1_388' title='bbox 590 3056 615 3103; x_wconf 80' lang='grc' dir='ltr'><strong><em>έν</em></strong></span> <span class='ocrx_word' id='word_1_389' title='bbox 624 3061 658 3120; x_wconf 78' lang='grc' dir='ltr'>τῇ</span> <span class='ocrx_word' id='word_1_390' title='bbox 669 3057 781 3122; x_wconf 75' lang='grc' dir='ltr'><strong><em>Πολιτείᾳ</em></strong></span> <span class='ocrx_word' id='word_1_391' title='bbox 788 3058 862 3108; x_wconf 87' lang='grc' dir='ltr'><strong><em>τέθει-</em></strong></span> <span class='ocrx_word' id='word_1_392' title='bbox 895 3059 1116 3125; x_wconf 84' lang='grc' dir='ltr'><strong><em>ἀποτεθραυιτμέυοι,</em></strong></span> <span class='ocrx_word' id='word_1_393' title='bbox 1133 3061 1163 3108; x_wconf 86' lang='lat' dir='ltr'>ab</span> <span class='ocrx_word' id='word_1_394' title='bbox 1179 3061 1212 3110; x_wconf 86' lang='grc' dir='ltr'>Η.</span> <span class='ocrx_word' id='word_1_395' title='bbox 1224 3062 1346 3125; x_wconf 86' lang='lat' dir='ltr'>Stephano</span> <span class='ocrx_word' id='word_1_396' title='bbox 1356 3077 1370 3110; x_wconf 91' lang='lat' dir='ltr'>e</span> <span class='ocrx_word' id='word_1_397' title='bbox 1382 3062 1431 3110; x_wconf 90' lang='lat' dir='ltr'>Co-</span> 
     </span>
     <span class='ocr_line' id='line_1_39' title="bbox 327 3117 1431 3190; baseline 0.005 -22"><span class='ocrx_word' id='word_1_398' title='bbox 327 3136 369 3168; x_wconf 85' lang='grc' dir='ltr'>κεν</span> <span class='ocrx_word' id='word_1_399' title='bbox 381 3117 458 3168; x_wconf 80' lang='grc' dir='ltr'><strong><em>εόπιόν·</em></strong></span> <span class='ocrx_word' id='word_1_400' title='bbox 476 3117 515 3167; x_wconf 73' lang='grc' dir='ltr'><strong><em>καὶ</em></strong></span> <span class='ocrx_word' id='word_1_401' title='bbox 531 3118 589 3167; x_wconf 82' lang='grc' dir='ltr'><strong><em>τότε</em></strong></span> <span class='ocrx_word' id='word_1_402' title='bbox 605 3121 650 3178; x_wconf 80' lang='grc' dir='ltr'>τὴν</span> <span class='ocrx_word' id='word_1_403' title='bbox 668 3120 798 3184; x_wconf 75' lang='grc' dir='ltr'><strong><em>ἀπόρρησιν</em></strong></span> <span class='ocrx_word' id='word_1_404' title='bbox 815 3133 862 3172; x_wconf 85' lang='lat' dir='ltr'>ete.</span> <span class='ocrx_word' id='word_1_405' title='bbox 895 3126 948 3173; x_wconf 84' lang='lat' dir='ltr'>dice</span> <span class='ocrx_word' id='word_1_406' title='bbox 961 3128 1098 3190; x_wconf 85' lang='lat' dir='ltr'>nescioquo</span> <span class='ocrx_word' id='word_1_407' title='bbox 1112 3127 1210 3190; x_wconf 73' lang='lat' dir='ltr'>prolata,</span> <span class='ocrx_word' id='word_1_408' title='bbox 1221 3127 1259 3173; x_wconf 82' lang='lat' dir='ltr'>liic</span> <span class='ocrx_word' id='word_1_409' title='bbox 1269 3143 1312 3174; x_wconf 89' lang='lat' dir='ltr'>suo</span> <span class='ocrx_word' id='word_1_410' title='bbox 1323 3125 1375 3174; x_wconf 89' lang='lat' dir='ltr'>loco</span> <span class='ocrx_word' id='word_1_411' title='bbox 1388 3143 1431 3189; x_wconf 89' lang='lat' dir='ltr'>pa·</span> 
     </span>
     <span class='ocr_line' id='line_1_40' title="bbox 325 3184 1431 3253; baseline 0.008 -22"><span class='ocrx_word' id='word_1_412' title='bbox 325 3184 493 3247; x_wconf 68' lang='grc' dir='ltr'><strong><em>’ἀπορρηθῆναι</em></strong></span> <span class='ocrx_word' id='word_1_413' title='bbox 513 3199 554 3246; x_wconf 85' lang='lat' dir='ltr'>pro</span> <span class='ocrx_word' id='word_1_414' title='bbox 571 3185 677 3234; x_wconf 77' lang='lat' dir='ltr'>abdicari</span> <span class='ocrx_word' id='word_1_415' title='bbox 693 3195 729 3232; x_wconf 86' lang='lat' dir='ltr'>est</span> <span class='ocrx_word' id='word_1_416' title='bbox 745 3188 861 3251; x_wconf 82' lang='lat' dir='ltr'>Legg.xi.</span> <span class='ocrx_word' id='word_1_417' title='bbox 894 3191 927 3237; x_wconf 90' lang='lat' dir='ltr'>ni.</span> <span class='ocrx_word' id='word_1_418' title='bbox 965 3191 1053 3238; x_wconf 85' lang='lat' dir='ltr'>Eadem</span> <span class='ocrx_word' id='word_1_419' title='bbox 1083 3193 1130 3239; x_wconf 87' lang='lat' dir='ltr'>lere</span> <span class='ocrx_word' id='word_1_420' title='bbox 1156 3193 1227 3239; x_wconf 86' lang='lat' dir='ltr'>verba</span> <span class='ocrx_word' id='word_1_421' title='bbox 1251 3190 1333 3253; x_wconf 76' lang='lat' dir='ltr'>junpit</span> <span class='ocrx_word' id='word_1_422' title='bbox 1362 3191 1431 3240; x_wconf 84' lang='lat' dir='ltr'>Plsilo</span> 
     </span>
     <span class='ocr_line' id='line_1_41' title="bbox 326 3248 1431 3320; baseline 0.005 -22"><span class='ocrx_word' id='word_1_423' title='bbox 326 3263 351 3312; x_wconf 84' lang='lat' dir='ltr'>p.</span> <span class='ocrx_word' id='word_1_424' title='bbox 369 3254 426 3298; x_wconf 77' lang='lat'><strong>681.</strong></span> <span class='ocrx_word' id='word_1_425' title='bbox 444 3249 472 3298; x_wconf 86' lang='lat' dir='ltr'>F.</span> <span class='ocrx_word' id='word_1_426' title='bbox 503 3249 547 3297; x_wconf 64' lang='lat' dir='ltr'>tit</span> <span class='ocrx_word' id='word_1_427' title='bbox 563 3248 589 3297; x_wconf 79' lang='grc' dir='ltr'>δὲ</span> <span class='ocrx_word' id='word_1_428' title='bbox 615 3251 659 3298; x_wconf 81' lang='grc' dir='ltr'>τοῦ</span> <span class='ocrx_word' id='word_1_429' title='bbox 686 3249 768 3312; x_wconf 88' lang='grc' dir='ltr'><strong><em>γένους</em></strong></span> <span class='ocrx_word' id='word_1_430' title='bbox 791 3253 862 3317; x_wconf 83' lang='grc' dir='ltr'><strong><em>ἇσορ-</em></strong></span> <span class='ocrx_word' id='word_1_431' title='bbox 894 3255 961 3302; x_wconf 85' lang='grc' dir='ltr'><strong><em>Τοια.</em></strong></span> <span class='ocrx_word' id='word_1_432' title='bbox 973 3256 989 3303; x_wconf 90' lang='lat' dir='ltr'>i.</span> <span class='ocrx_word' id='word_1_433' title='bbox 1006 3273 1031 3319; x_wconf 89' lang='lat' dir='ltr'>p.</span> <span class='ocrx_word' id='word_1_434' title='bbox 1043 3260 1099 3305; x_wconf 79' lang='lat'>085.</span> <span class='ocrx_word' id='word_1_435' title='bbox 1123 3256 1153 3305; x_wconf 82' lang='grc' dir='ltr'><strong><em>ἀις</em></strong></span> <span class='ocrx_word' id='word_1_436' title='bbox 1173 3257 1258 3320; x_wconf 75' lang='grc' dir='ltr'><strong><em>εὑρειγῖ</em></strong></span> <span class='ocrx_word' id='word_1_437' title='bbox 1276 3254 1315 3303; x_wconf 70' lang='grc' dir='ltr'><strong><em>καὶ</em></strong></span> <span class='ocrx_word' id='word_1_438' title='bbox 1334 3256 1431 3320; x_wconf 81' lang='grc' dir='ltr'><strong><em>αιίτουρ-</em></strong></span> 
     </span>
     <span class='ocr_line' id='line_1_42' title="bbox 325 3312 1431 3384; baseline 0.006 -21"><span class='ocrx_word' id='word_1_439' title='bbox 325 3314 421 3375; x_wconf 82' lang='grc' dir='ltr'><strong><em>ρηθῆναι</em></strong></span> <span class='ocrx_word' id='word_1_440' title='bbox 455 3312 552 3365; x_wconf 87' lang='grc' dir='ltr'><strong><em>παντός.</em></strong></span> <span class='ocrx_word' id='word_1_441' title='bbox 587 3317 649 3379; x_wconf 90' lang='lat' dir='ltr'>quod</span> <span class='ocrx_word' id='word_1_442' title='bbox 678 3322 790 3379; x_wconf 85' lang='lat' dir='ltr'>tanquam</span> <span class='ocrx_word' id='word_1_443' title='bbox 819 3320 862 3365; x_wconf 89' lang='lat' dir='ltr'>mi·</span> <span class='ocrx_word' id='word_1_444' title='bbox 893 3321 930 3382; x_wconf 70' lang='grc' dir='ltr'>γᾷ</span> <span class='ocrx_word' id='word_1_445' title='bbox 953 3319 1118 3384; x_wconf 85' lang='grc' dir='ltr'><strong><em>τεθρυμμένου,</em></strong></span> <span class='ocrx_word' id='word_1_446' title='bbox 1149 3321 1188 3369; x_wconf 75' lang='grc' dir='ltr'><strong><em>καὶ</em></strong></span> <span class='ocrx_word' id='word_1_447' title='bbox 1209 3318 1365 3384; x_wconf 85' lang='grc' dir='ltr'><strong><em>κατεαγότος,</em></strong></span> <span class='ocrx_word' id='word_1_448' title='bbox 1391 3320 1431 3370; x_wconf 72' lang='grc' dir='ltr'>καὶ</span> 
     </span>
     <span class='ocr_line' id='line_1_43' title="bbox 325 3379 1430 3446; baseline 0.009 -22"><span class='ocrx_word' id='word_1_449' title='bbox 325 3393 369 3425; x_wconf 92' lang='lat' dir='ltr'>nus</span> <span class='ocrx_word' id='word_1_450' title='bbox 381 3381 459 3427; x_wconf 86' lang='lat' dir='ltr'>tritum</span> <span class='ocrx_word' id='word_1_451' title='bbox 478 3396 492 3427; x_wconf 89' lang='lat' dir='ltr'>e</span> <span class='ocrx_word' id='word_1_452' title='bbox 510 3379 611 3426; x_wconf 82' lang='lat' dir='ltr'>Platone</span> <span class='ocrx_word' id='word_1_453' title='bbox 628 3379 712 3428; x_wconf 84' lang='lat' dir='ltr'>Pollux</span> <span class='ocrx_word' id='word_1_454' title='bbox 725 3382 748 3432; x_wconf 87' lang='lat' dir='ltr'>ii.</span> <span class='ocrx_word' id='word_1_455' title='bbox 762 3387 817 3432; x_wconf 75' lang='lat'>128.</span> <span class='ocrx_word' id='word_1_456' title='bbox 838 3391 862 3430; x_wconf 88' lang='lat' dir='ltr'>et</span> <span class='ocrx_word' id='word_1_457' title='bbox 895 3383 1023 3446; x_wconf 77' lang='grc' dir='ltr'><strong><em>αἰσχίστου</em></strong></span> <span class='ocrx_word' id='word_1_458' title='bbox 1031 3384 1092 3441; x_wconf 81' lang='grc' dir='ltr'><strong><em>βίον.</em></strong></span> <span class='ocrx_word' id='word_1_459' title='bbox 1111 3385 1171 3433; x_wconf 81' lang='lat' dir='ltr'>Haec</span> <span class='ocrx_word' id='word_1_460' title='bbox 1180 3387 1213 3432; x_wconf 84' lang='lat' dir='ltr'>ita</span> <span class='ocrx_word' id='word_1_461' title='bbox 1223 3386 1247 3432; x_wconf 88' lang='lat' dir='ltr'>in</span> <span class='ocrx_word' id='word_1_462' title='bbox 1257 3387 1359 3432; x_wconf 84' lang='lat' dir='ltr'>cisartsm</span> <span class='ocrx_word' id='word_1_463' title='bbox 1372 3401 1430 3434; x_wconf 88' lang='lat' dir='ltr'>con·</span> 
     </span>
     <span class='ocr_line' id='line_1_44' title="bbox 323 3443 1430 3514; baseline 0.008 -25"><span class='ocrx_word' id='word_1_464' title='bbox 323 3443 408 3490; x_wconf 82' lang='lat' dir='ltr'>Suidas</span> <span class='ocrx_word' id='word_1_465' title='bbox 420 3445 596 3508; x_wconf 76' lang='grc' dir='ltr'><strong><em>υ.Ἀπορρηθῇ,</em></strong></span> <span class='ocrx_word' id='word_1_466' title='bbox 615 3453 765 3494; x_wconf 85' lang='lat' dir='ltr'>annotarunt.</span> <span class='ocrx_word' id='word_1_467' title='bbox 793 3447 861 3494; x_wconf 75' lang='lat' dir='ltr'>lexi-</span> <span class='ocrx_word' id='word_1_468' title='bbox 892 3448 956 3512; x_wconf 84' lang='lat' dir='ltr'>jecta</span> <span class='ocrx_word' id='word_1_469' title='bbox 977 3452 1122 3497; x_wconf 74' lang='lat' dir='ltr'>ostenderam</span> <span class='ocrx_word' id='word_1_470' title='bbox 1141 3451 1279 3514; x_wconf 82' lang='lat' dir='ltr'>praeceptori</span> <span class='ocrx_word' id='word_1_471' title='bbox 1301 3450 1430 3508; x_wconf 83' lang='lat' dir='ltr'>carissimo,</span> 
     </span>
     <span class='ocr_line' id='line_1_45' title="bbox 324 3507 1429 3576; baseline 0.008 -22"><span class='ocrx_word' id='word_1_472' title='bbox 324 3522 370 3554; x_wconf 82' lang='lat' dir='ltr'>con</span> <span class='ocrx_word' id='word_1_473' title='bbox 381 3507 455 3556; x_wconf 78' lang='lat' dir='ltr'>libet.</span> <span class='ocrx_word' id='word_1_474' title='bbox 467 3509 517 3554; x_wconf 86' lang='lat' dir='ltr'>Ms.</span> <span class='ocrx_word' id='word_1_475' title='bbox 548 3507 698 3572; x_wconf 80' lang='grc' dir='ltr'><strong><em>Ἀπόρρησις,</em></strong></span> <span class='ocrx_word' id='word_1_476' title='bbox 713 3510 742 3558; x_wconf 88' lang='grc' dir='ltr'>τδ</span> <span class='ocrx_word' id='word_1_477' title='bbox 758 3511 863 3561; x_wconf 77' lang='grc' dir='ltr'><strong><em>κελεύειν</em></strong></span> <span class='ocrx_word' id='word_1_478' title='bbox 895 3513 988 3576; x_wconf 85' lang='lat' dir='ltr'>meique</span> <span class='ocrx_word' id='word_1_479' title='bbox 1006 3514 1173 3576; x_wconf 78' lang='lat' dir='ltr'>amantissimo,</span> <span class='ocrx_word' id='word_1_480' title='bbox 1194 3515 1231 3563; x_wconf 87' lang='lat' dir='ltr'>Ti.</span> <span class='ocrx_word' id='word_1_481' title='bbox 1244 3514 1429 3563; x_wconf 82' lang='lat' dir='ltr'>Hemsterhusio.</span> 
     </span>
     <span class='ocr_line' id='line_1_46' title="bbox 324 3569 1428 3637; baseline 0.008 -20"><span class='ocrx_word' id='word_1_482' title='bbox 324 3589 348 3619; x_wconf 91' lang='grc' dir='ltr'>τι</span> <span class='ocrx_word' id='word_1_483' title='bbox 358 3571 391 3631; x_wconf 82' lang='grc' dir='ltr'>μὴ</span> <span class='ocrx_word' id='word_1_484' title='bbox 402 3569 517 3632; x_wconf 82' lang='grc' dir='ltr'><strong><em>γόνεσθαι,</em></strong></span> <span class='ocrx_word' id='word_1_485' title='bbox 526 3571 565 3620; x_wconf 72' lang='grc' dir='ltr'>καὶ</span> <span class='ocrx_word' id='word_1_486' title='bbox 576 3572 605 3620; x_wconf 79' lang='grc' dir='ltr'>τὸ</span> <span class='ocrx_word' id='word_1_487' title='bbox 617 3573 796 3637; x_wconf 81' lang='grc' dir='ltr'><strong><em>ἀποκηρύσσειν.</em></strong></span> <span class='ocrx_word' id='word_1_488' title='bbox 816 3578 861 3624; x_wconf 88' lang='lat' dir='ltr'>Pro</span> <span class='ocrx_word' id='word_1_489' title='bbox 894 3577 981 3624; x_wconf 86' lang='lat' dir='ltr'>Verum</span> <span class='ocrx_word' id='word_1_490' title='bbox 990 3580 1009 3625; x_wconf 91' lang='lat' dir='ltr'>is</span> <span class='ocrx_word' id='word_1_491' title='bbox 1017 3580 1039 3625; x_wconf 92' lang='lat' dir='ltr'>iu</span> <span class='ocrx_word' id='word_1_492' title='bbox 1048 3579 1092 3626; x_wconf 81' lang='lat' dir='ltr'>alia</span> <span class='ocrx_word' id='word_1_493' title='bbox 1099 3581 1176 3627; x_wconf 85' lang='lat' dir='ltr'>ornnis</span> <span class='ocrx_word' id='word_1_494' title='bbox 1186 3579 1331 3635; x_wconf 78' lang='lat' dir='ltr'>discedebat,</span> <span class='ocrx_word' id='word_1_495' title='bbox 1339 3579 1428 3627; x_wconf 80' lang='lat' dir='ltr'>Tisnaeo</span> 
     </span>
     <span class='ocr_line' id='line_1_47' title="bbox 324 3635 1429 3707; baseline 0.008 -24"><span class='ocrx_word' id='word_1_496' title='bbox 324 3637 425 3684; x_wconf 81' lang='lat' dir='ltr'>uetitum</span> <span class='ocrx_word' id='word_1_497' title='bbox 440 3635 571 3698; x_wconf 72' lang='grc' dir='ltr'><strong><em>ἀπόρρητον</em></strong></span> <span class='ocrx_word' id='word_1_498' title='bbox 586 3645 623 3685; x_wconf 91' lang='lat' dir='ltr'>est</span> <span class='ocrx_word' id='word_1_499' title='bbox 631 3639 704 3701; x_wconf 74' lang='lat' dir='ltr'>Legg.</span> <span class='ocrx_word' id='word_1_500' title='bbox 717 3641 747 3686; x_wconf 82' lang='lat' dir='ltr'>si.</span> <span class='ocrx_word' id='word_1_501' title='bbox 767 3656 790 3702; x_wconf 87' lang='lat' dir='ltr'>p.</span> <span class='ocrx_word' id='word_1_502' title='bbox 802 3645 860 3690; x_wconf 80' lang='grc'><strong><em>683.</em></strong></span> <span class='ocrx_word' id='word_1_503' title='bbox 894 3641 969 3689; x_wconf 79' lang='lat' dir='ltr'>terens</span> <span class='ocrx_word' id='word_1_504' title='bbox 991 3643 1109 3691; x_wconf 78' lang='lat' dir='ltr'>asisilinni.</span> <span class='ocrx_word' id='word_1_505' title='bbox 1144 3644 1213 3692; x_wconf 86' lang='lat' dir='ltr'>‘Vix</span> <span class='ocrx_word' id='word_1_506' title='bbox 1233 3643 1370 3707; x_wconf 85' lang='lat' dir='ltr'>(inquit)a</span> <span class='ocrx_word' id='word_1_507' title='bbox 1392 3660 1429 3692; x_wconf 88' lang='lat' dir='ltr'>me</span> 
     </span>
     <span class='ocr_line' id='line_1_48' title="bbox 324 3697 1431 3771; baseline 0.011 -25"><span class='ocrx_word' id='word_1_508' title='bbox 324 3697 355 3746; x_wconf 87' lang='lat' dir='ltr'>B.</span> <span class='ocrx_word' id='word_1_509' title='bbox 390 3700 437 3748; x_wconf 86' lang='lat' dir='ltr'>Sed</span> <span class='ocrx_word' id='word_1_510' title='bbox 456 3702 594 3748; x_wconf 81' lang='lat' dir='ltr'>eademvor</span> <span class='ocrx_word' id='word_1_511' title='bbox 613 3704 757 3750; x_wconf 81' lang='lat' dir='ltr'>nullosensu</span> <span class='ocrx_word' id='word_1_512' title='bbox 778 3705 862 3767; x_wconf 79' lang='lat' dir='ltr'>legitur</span> <span class='ocrx_word' id='word_1_513' title='bbox 893 3706 1002 3768; x_wconf 89' lang='lat' dir='ltr'>impetro,</span> <span class='ocrx_word' id='word_1_514' title='bbox 1030 3707 1087 3771; x_wconf 85' lang='lat' dir='ltr'>quin</span> <span class='ocrx_word' id='word_1_515' title='bbox 1109 3709 1202 3756; x_wconf 79' lang='lat' dir='ltr'>credam</span> <span class='ocrx_word' id='word_1_516' title='bbox 1230 3707 1431 3770; x_wconf 86' lang='grc' dir='ltr'><strong><em>ἀποτεθρυιιμένοι</em></strong></span> 
     </span>
    </p>
   </div>
   <div class='ocr_carea' id='block_1_4' title="bbox 228 3761 1431 3831">
    <p class='ocr_par' dir='ltr' id='par_1_4' title="bbox 228 3761 1431 3831">
     <span class='ocr_line' id='line_1_49' title="bbox 228 3761 1431 3831; baseline 0.012 -23"><span class='ocrx_word' id='word_1_517' title='bbox 228 3769 243 3776; x_wconf 75' lang='grc'><em>”</em></span> <span class='ocrx_word' id='word_1_518' title='bbox 324 3761 398 3826; x_wconf 83' lang='lat' dir='ltr'>Gorg.</span> <span class='ocrx_word' id='word_1_519' title='bbox 419 3780 443 3826; x_wconf 90' lang='lat' dir='ltr'>p.</span> <span class='ocrx_word' id='word_1_520' title='bbox 461 3767 518 3814; x_wconf 77' lang='lat'>818.</span> <span class='ocrx_word' id='word_1_521' title='bbox 540 3765 573 3812; x_wconf 84' lang='lat' dir='ltr'>A.</span> <span class='ocrx_word' id='word_1_522' title='bbox 619 3765 684 3827; x_wconf 78' lang='grc' dir='ltr'><strong><em>Μόνιρ</em></strong></span> <span class='ocrx_word' id='word_1_523' title='bbox 702 3765 728 3815; x_wconf 77' lang='grc' dir='ltr'>δὲ</span> <span class='ocrx_word' id='word_1_524' title='bbox 747 3771 862 3831; x_wconf 78' lang='grc' dir='ltr'><strong><em>πρεσβεῖα</em></strong></span> <span class='ocrx_word' id='word_1_525' title='bbox 894 3770 1018 3820; x_wconf 87' lang='lat' dir='ltr'>lectionem</span> <span class='ocrx_word' id='word_1_526' title='bbox 1032 3787 1082 3821; x_wconf 88' lang='lat' dir='ltr'>esse</span> <span class='ocrx_word' id='word_1_527' title='bbox 1093 3774 1216 3830; x_wconf 75' lang='lat' dir='ltr'>diversum,</span> <span class='ocrx_word' id='word_1_528' title='bbox 1228 3775 1269 3820; x_wconf 88' lang='lat' dir='ltr'>sed</span> <span class='ocrx_word' id='word_1_529' title='bbox 1278 3781 1393 3821; x_wconf 86' lang='lat' dir='ltr'>vetustam</span> <span class='ocrx_word' id='word_1_530' title='bbox 1406 3781 1431 3822; x_wconf 86' lang='lat' dir='ltr'>et</span> 
     </span>
    </p>
   </div>
   <div class='ocr_carea' id='block_1_5' title="bbox 316 3826 1441 4609">
    <p class='ocr_par' dir='ltr' id='par_1_5' title="bbox 322 3826 1441 4196">
     <span class='ocr_line' id='line_1_50' title="bbox 324 3826 1429 3902; baseline 0.011 -28"><span class='ocrx_word' id='word_1_531' title='bbox 324 3826 391 3878; x_wconf 83' lang='grc' dir='ltr'><strong><em>δόσιν</em></strong></span> <span class='ocrx_word' id='word_1_532' title='bbox 406 3827 577 3893; x_wconf 70' lang='grc' dir='ltr'><strong><em>ἐπιδιακρίνειν,</em></strong></span> <span class='ocrx_word' id='word_1_533' title='bbox 594 3829 636 3879; x_wconf 79' lang='grc' dir='ltr'><strong><em>έάν</em></strong></span> <span class='ocrx_word' id='word_1_534' title='bbox 654 3829 673 3896; x_wconf 73' lang='grc' dir='ltr'><strong><em>ᾖ</em></strong></span> <span class='ocrx_word' id='word_1_535' title='bbox 688 3830 820 3896; x_wconf 82' lang='grc' dir='ltr'><strong><em>ἀπόρρητόν</em></strong></span> <span class='ocrx_word' id='word_1_536' title='bbox 836 3852 860 3883; x_wconf 92' lang='grc' dir='ltr'>τι</span> <span class='ocrx_word' id='word_1_537' title='bbox 892 3851 940 3882; x_wconf 94' lang='lat' dir='ltr'>non</span> <span class='ocrx_word' id='word_1_538' title='bbox 952 3846 1036 3886; x_wconf 86' lang='lat' dir='ltr'>temere</span> <span class='ocrx_word' id='word_1_539' title='bbox 1047 3840 1210 3901; x_wconf 83' lang='lat' dir='ltr'>spernendam.</span> <span class='ocrx_word' id='word_1_540' title='bbox 1243 3836 1319 3902; x_wconf 85' lang='grc' dir='ltr'><strong><em>Θρύον</em></strong></span> <span class='ocrx_word' id='word_1_541' title='bbox 1328 3845 1364 3884; x_wconf 86' lang='lat' dir='ltr'>est</span> <span class='ocrx_word' id='word_1_542' title='bbox 1369 3838 1429 3898; x_wconf 80' lang='lat' dir='ltr'>jun·</span> 
     </span>
     <span class='ocr_line' id='line_1_51' title="bbox 322 3891 1429 3965; baseline 0.011 -25"><span class='ocrx_word' id='word_1_543' title='bbox 322 3893 360 3952; x_wconf 75' lang='grc' dir='ltr'>τερ</span> <span class='ocrx_word' id='word_1_544' title='bbox 385 3891 458 3957; x_wconf 79' lang='grc' dir='ltr'><strong><em>έτέρρ</em></strong></span> <span class='ocrx_word' id='word_1_545' title='bbox 479 3895 529 3951; x_wconf 81' lang='lat' dir='ltr'>uti,</span> <span class='ocrx_word' id='word_1_546' title='bbox 551 3895 675 3959; x_wconf 87' lang='lat' dir='ltr'>repudiata</span> <span class='ocrx_word' id='word_1_547' title='bbox 702 3899 859 3960; x_wconf 83' lang='lat' dir='ltr'>explicatione</span> <span class='ocrx_word' id='word_1_548' title='bbox 891 3902 1028 3963; x_wconf 56' lang='grc' dir='ltr'><strong><em>παραστάσιν</em></strong></span> <span class='ocrx_word' id='word_1_549' title='bbox 1037 3917 1114 3965; x_wconf 81' lang='lat' dir='ltr'>genus</span> <span class='ocrx_word' id='word_1_550' title='bbox 1124 3904 1228 3963; x_wconf 80' lang='lat' dir='ltr'>agrestis</span> <span class='ocrx_word' id='word_1_551' title='bbox 1236 3903 1429 3965; x_wconf 76' lang='lat' dir='ltr'>etinpalrsdilius</span> 
     </span>
     <span class='ocr_line' id='line_1_52' title="bbox 323 3954 1427 4032; baseline 0.013 -30"><span class='ocrx_word' id='word_1_552' title='bbox 323 3954 449 4006; x_wconf 80' lang='lat' dir='ltr'>Abrescnii</span> <span class='ocrx_word' id='word_1_553' title='bbox 472 3957 581 4008; x_wconf 88' lang='lat' dir='ltr'>Auctar..</span> <span class='ocrx_word' id='word_1_554' title='bbox 616 3959 724 4008; x_wconf 88' lang='lat' dir='ltr'>Dilucid.</span> <span class='ocrx_word' id='word_1_555' title='bbox 747 3961 856 4028; x_wconf 85' lang='lat' dir='ltr'>Thucyd.</span> <span class='ocrx_word' id='word_1_556' title='bbox 890 3971 964 4023; x_wconf 75' lang='lat' dir='ltr'>nutes,</span> <span class='ocrx_word' id='word_1_557' title='bbox 983 3966 1183 4028; x_wconf 74' lang='grc' dir='ltr'><strong><em>νετεάγονονκαὶ</em></strong></span> <span class='ocrx_word' id='word_1_558' title='bbox 1199 3967 1289 4032; x_wconf 84' lang='grc' dir='ltr'><strong><em>ἀγριον.</em></strong></span> <span class='ocrx_word' id='word_1_559' title='bbox 1308 3967 1427 4030; x_wconf 78' lang='lat' dir='ltr'>lrincdpv-</span> 
     </span>
     <span class='ocr_line' id='line_1_53' title="bbox 322 4023 1428 4096; baseline 0.005 -26"><span class='ocrx_word' id='word_1_560' title='bbox 322 4037 348 4084; x_wconf 79' lang='lat' dir='ltr'>p.</span> <span class='ocrx_word' id='word_1_561' title='bbox 360 4025 417 4070; x_wconf 77' lang='lat' dir='ltr'>tot.</span> <span class='ocrx_word' id='word_1_562' title='bbox 430 4023 506 4086; x_wconf 85' lang='lat' dir='ltr'>legere</span> <span class='ocrx_word' id='word_1_563' title='bbox 517 4024 604 4086; x_wconf 86' lang='lat' dir='ltr'>malim,</span> <span class='ocrx_word' id='word_1_564' title='bbox 622 4024 664 4074; x_wconf 82' lang='grc' dir='ltr'><strong><em>έάν</em></strong></span> <span class='ocrx_word' id='word_1_565' title='bbox 683 4023 700 4090; x_wconf 81' lang='grc' dir='ltr'>ρ</span> <span class='ocrx_word' id='word_1_566' title='bbox 719 4025 806 4091; x_wconf 82' lang='grc' dir='ltr'><strong><em>ἀπορόν</em></strong></span> <span class='ocrx_word' id='word_1_567' title='bbox 825 4045 858 4085; x_wconf 88' lang='grc' dir='ltr'>τι,</span> <span class='ocrx_word' id='word_1_568' title='bbox 891 4029 983 4096; x_wconf 69' lang='lat' dir='ltr'>oderisi,</span> <span class='ocrx_word' id='word_1_569' title='bbox 1001 4041 1026 4079; x_wconf 89' lang='lat' dir='ltr'>et</span> <span class='ocrx_word' id='word_1_570' title='bbox 1043 4033 1211 4095; x_wconf 80' lang='grc' dir='ltr'><strong><em>ἀποθρυυῦσθαι</em></strong></span> <span class='ocrx_word' id='word_1_571' title='bbox 1230 4033 1312 4081; x_wconf 81' lang='lat' dir='ltr'>esdenr</span> <span class='ocrx_word' id='word_1_572' title='bbox 1333 4032 1428 4090; x_wconf 83' lang='lat' dir='ltr'>virtute,</span> 
     </span>
     <span class='ocr_line' id='line_1_54' title="bbox 323 4086 1441 4196; baseline 0.014 -65"><span class='ocrx_word' id='word_1_573' title='bbox 323 4086 387 4196; x_wconf 59' lang='lat' dir='ltr'>ppod</span> <span class='ocrx_word' id='word_1_574' title='bbox 414 4086 507 4134; x_wconf 86' lang='lat' dir='ltr'>Ficinus</span> <span class='ocrx_word' id='word_1_575' title='bbox 535 4088 640 4136; x_wconf 86' lang='lat' dir='ltr'>versione</span> <span class='ocrx_word' id='word_1_576' title='bbox 668 4106 710 4137; x_wconf 85' lang='lat' dir='ltr'>sua</span> <span class='ocrx_word' id='word_1_577' title='bbox 736 4093 857 4154; x_wconf 76' lang='lat' dir='ltr'>expressit.</span> <span class='ocrx_word' id='word_1_578' title='bbox 891 4091 1441 4162; x_wconf 58' lang='grc' dir='ltr'>(μιιιιόίοιιιιῑιιτἀπορνεοῦσθιιι,ἀπολιθοῦσθαι,ι</span> 
     </span>
    </p>

    <p class='ocr_par' dir='ltr' id='par_1_6' title="bbox 320 4149 1428 4354">
     <span class='ocr_line' id='line_1_55' title="bbox 349 4149 1428 4226; baseline 0.013 -30"><span class='ocrx_word' id='word_1_579' title='bbox 349 4149 388 4198; x_wconf 83' lang='lat' dir='ltr'>ide</span> <span class='ocrx_word' id='word_1_580' title='bbox 406 4150 544 4199; x_wconf 83' lang='lat' dir='ltr'>Pienonum</span> <span class='ocrx_word' id='word_1_581' title='bbox 563 4154 592 4200; x_wconf 89' lang='lat' dir='ltr'>ad</span> <span class='ocrx_word' id='word_1_582' title='bbox 613 4154 709 4204; x_wconf 86' lang='lat' dir='ltr'>Moerid.</span> <span class='ocrx_word' id='word_1_583' title='bbox 730 4173 754 4217; x_wconf 88' lang='lat' dir='ltr'>p.</span> <span class='ocrx_word' id='word_1_584' title='bbox 775 4162 817 4206; x_wconf 78' lang='grc'>83.</span> <span class='ocrx_word' id='word_1_585' title='bbox 835 4167 859 4206; x_wconf 91' lang='lat' dir='ltr'>et</span> <span class='ocrx_word' id='word_1_586' title='bbox 891 4156 1428 4226; x_wconf 73' lang='grc' dir='ltr'><strong><em>ἀποθηριοῦσθαι,ι’πριιαοεαιιιριιοεὶεόόιιιοα-</em></strong></span> 
     </span>
     <span class='ocr_line' id='line_1_56' title="bbox 321 4213 1426 4286; baseline 0.014 -25"><span class='ocrx_word' id='word_1_587' title='bbox 321 4213 440 4278; x_wconf 88' lang='lat' dir='ltr'>Toupium</span> <span class='ocrx_word' id='word_1_588' title='bbox 458 4215 559 4267; x_wconf 85' lang='lat' dir='ltr'>Emend.</span> <span class='ocrx_word' id='word_1_589' title='bbox 582 4218 605 4264; x_wconf 90' lang='lat' dir='ltr'>iu</span> <span class='ocrx_word' id='word_1_590' title='bbox 628 4218 809 4274; x_wconf 86' lang='lat' dir='ltr'>Suid.Ton1.i.</span> <span class='ocrx_word' id='word_1_591' title='bbox 833 4238 857 4286; x_wconf 90' lang='lat' dir='ltr'>p.</span> <span class='ocrx_word' id='word_1_592' title='bbox 890 4223 958 4272; x_wconf 81' lang='lat' dir='ltr'>sitem</span> <span class='ocrx_word' id='word_1_593' title='bbox 968 4225 1044 4272; x_wconf 84' lang='lat' dir='ltr'>omnis</span> <span class='ocrx_word' id='word_1_594' title='bbox 1055 4225 1109 4274; x_wconf 85' lang='lat' dir='ltr'>boni</span> <span class='ocrx_word' id='word_1_595' title='bbox 1124 4232 1235 4276; x_wconf 81' lang='lat' dir='ltr'>naturam</span> <span class='ocrx_word' id='word_1_596' title='bbox 1251 4228 1355 4283; x_wconf 54' lang='lat' dir='ltr'>mutoth</span> <span class='ocrx_word' id='word_1_597' title='bbox 1371 4225 1426 4276; x_wconf 86' lang='lat' dir='ltr'>hinc</span> 
     </span>
     <span class='ocr_line' id='line_1_57' title="bbox 320 4282 1427 4354; baseline 0.01 -27"><span class='ocrx_word' id='word_1_598' title='bbox 320 4282 361 4328; x_wconf 76' lang='lat'>52.</span> <span class='ocrx_word' id='word_1_599' title='bbox 891 4302 971 4334; x_wconf 89' lang='lat' dir='ltr'>sensus</span> <span class='ocrx_word' id='word_1_600' title='bbox 982 4289 1067 4336; x_wconf 91' lang='lat' dir='ltr'>orietur</span> <span class='ocrx_word' id='word_1_601' title='bbox 1078 4289 1184 4339; x_wconf 82' lang='lat' dir='ltr'>Platonis</span> <span class='ocrx_word' id='word_1_602' title='bbox 1200 4293 1274 4340; x_wconf 87' lang='lat' dir='ltr'>ruenti</span> <span class='ocrx_word' id='word_1_603' title='bbox 1289 4291 1427 4354; x_wconf 86' lang='lat' dir='ltr'>neutiquam</span> 
     </span>
    </p>

    <p class='ocr_par' dir='ltr' id='par_1_7' title="bbox 316 4342 1428 4609">
     <span class='ocr_line' id='line_1_58' title="bbox 350 4342 1426 4419; baseline 0.009 -27"><span class='ocrx_word' id='word_1_604' title='bbox 350 4342 586 4407; x_wconf 76' lang='grc' dir='ltr'><strong><em>’Ἀποτεδρυοιμένοι</em></strong></span> <span class='ocrx_word' id='word_1_605' title='bbox 623 4345 701 4397; x_wconf 79' lang='lat' dir='ltr'>Intra:</span> <span class='ocrx_word' id='word_1_606' title='bbox 718 4349 765 4399; x_wconf 77' lang='grc' dir='ltr'>Τάς</span> <span class='ocrx_word' id='word_1_607' title='bbox 775 4349 855 4412; x_wconf 69' lang='lat' dir='ltr'>doxis</span> <span class='ocrx_word' id='word_1_608' title='bbox 888 4351 985 4398; x_wconf 87' lang='lat' dir='ltr'>alienus.</span> <span class='ocrx_word' id='word_1_609' title='bbox 1022 4352 1117 4402; x_wconf 88' lang='lat' dir='ltr'>Deinde</span> <span class='ocrx_word' id='word_1_610' title='bbox 1139 4371 1186 4418; x_wconf 83' lang='lat' dir='ltr'>qus</span> <span class='ocrx_word' id='word_1_611' title='bbox 1207 4363 1325 4419; x_wconf 71' lang='lat' dir='ltr'>potestate</span> <span class='ocrx_word' id='word_1_612' title='bbox 1345 4355 1426 4419; x_wconf 83' lang='lat' dir='ltr'>capies</span> 
     </span>
     <span class='ocr_line' id='line_1_59' title="bbox 319 4405 1426 4481; baseline 0.011 -26"><span class='ocrx_word' id='word_1_613' title='bbox 319 4405 526 4471; x_wconf 74' lang='grc' dir='ltr'><strong><em>ἀποτεθρυμμένοι.</em></strong></span> <span class='ocrx_word' id='word_1_614' title='bbox 546 4412 590 4461; x_wconf 90' lang='grc' dir='ltr'><strong><em>ἀντ</em></strong></span> <span class='ocrx_word' id='word_1_615' title='bbox 607 4413 674 4476; x_wconf 69' lang='grc' dir='ltr'><strong><em>τοῦ,</em></strong></span> <span class='ocrx_word' id='word_1_616' title='bbox 683 4413 854 4478; x_wconf 73' lang='grc' dir='ltr'><strong><em>ἀπηγριωμένα</em></strong></span> <span class='ocrx_word' id='word_1_617' title='bbox 886 4415 1101 4481; x_wconf 59' lang='grc' dir='ltr'><strong><em>ἀποτεθρυμμένοι.)</em></strong></span> <span class='ocrx_word' id='word_1_618' title='bbox 1117 4419 1251 4480; x_wconf 67' lang='lat' dir='ltr'>confractos</span> <span class='ocrx_word' id='word_1_619' title='bbox 1267 4420 1371 4469; x_wconf 84' lang='lat' dir='ltr'>reddidit</span> <span class='ocrx_word' id='word_1_620' title='bbox 1386 4419 1426 4467; x_wconf 80' lang='lat' dir='ltr'>Fi-</span> 
     </span>
     <span class='ocr_line' id='line_1_60' title="bbox 319 4471 1428 4547; baseline 0.012 -27"><span class='ocrx_word' id='word_1_621' title='bbox 319 4473 357 4521; x_wconf 76' lang='grc' dir='ltr'>καὶ</span> <span class='ocrx_word' id='word_1_622' title='bbox 376 4471 465 4536; x_wconf 84' lang='grc' dir='ltr'><strong><em>ἀγονοι.</em></strong></span> <span class='ocrx_word' id='word_1_623' title='bbox 512 4477 572 4525; x_wconf 88' lang='lat' dir='ltr'>Cum</span> <span class='ocrx_word' id='word_1_624' title='bbox 594 4477 682 4525; x_wconf 80' lang='lat' dir='ltr'>Tinsoeo</span> <span class='ocrx_word' id='word_1_625' title='bbox 706 4479 736 4525; x_wconf 88' lang='lat' dir='ltr'>ad</span> <span class='ocrx_word' id='word_1_626' title='bbox 758 4482 852 4528; x_wconf 85' lang='lat' dir='ltr'>verbum</span> <span class='ocrx_word' id='word_1_627' title='bbox 885 4479 1077 4541; x_wconf 79' lang='lat' dir='ltr'>cinus3srdetos</span> <span class='ocrx_word' id='word_1_628' title='bbox 1095 4484 1197 4546; x_wconf 79' lang='lat' dir='ltr'>deliciis,</span> <span class='ocrx_word' id='word_1_629' title='bbox 1216 4487 1276 4534; x_wconf 76' lang='lat' dir='ltr'>lm</span> <span class='ocrx_word' id='word_1_630' title='bbox 1294 4489 1428 4547; x_wconf 77' lang='lat' dir='ltr'>corruptos,</span> 
     </span>
     <span class='ocr_line' id='line_1_61' title="bbox 316 4540 1428 4609; baseline 0.013 -25"><span class='ocrx_word' id='word_1_631' title='bbox 316 4541 425 4602; x_wconf 78' lang='lat' dir='ltr'>congruit</span> <span class='ocrx_word' id='word_1_632' title='bbox 448 4540 552 4592; x_wconf 76' lang='lat' dir='ltr'>lnaieou</span> <span class='ocrx_word' id='word_1_633' title='bbox 580 4544 699 4605; x_wconf 74' lang='lat' dir='ltr'>Sangerm</span> <span class='ocrx_word' id='word_1_634' title='bbox 728 4542 778 4593; x_wconf 89' lang='grc' dir='ltr'>Μι.</span> <span class='ocrx_word' id='word_1_635' title='bbox 800 4543 853 4592; x_wconf 79' lang='grc' dir='ltr'><strong><em>.Αῑ</em></strong></span> <span class='ocrx_word' id='word_1_636' title='bbox 885 4545 932 4609; x_wconf 80' lang='lat' dir='ltr'>vel,</span> <span class='ocrx_word' id='word_1_637' title='bbox 950 4548 1032 4597; x_wconf 80' lang='lat' dir='ltr'>molles</span> <span class='ocrx_word' id='word_1_638' title='bbox 1049 4549 1159 4600; x_wconf 74' lang='lat' dir='ltr'>redditos</span> <span class='ocrx_word' id='word_1_639' title='bbox 1175 4555 1199 4600; x_wconf 87' lang='lat' dir='ltr'>et</span> <span class='ocrx_word' id='word_1_640' title='bbox 1219 4550 1356 4608; x_wconf 72' lang='grc' dir='ltr'><strong><em>ςἰιιδιιίθος,</em></strong></span> <span class='ocrx_word' id='word_1_641' title='bbox 1374 4549 1428 4598; x_wconf 81' lang='lat' dir='ltr'>Ste-</span> 
     </span>
    </p>
   </div>
   <div class='ocr_carea' id='block_1_6' title="bbox 0 0 1586 5170">
    <p class='ocr_par' dir='ltr' id='par_1_8' title="bbox 0 0 1586 5170">
     <span class='ocr_line' id='line_1_62' title="bbox 0 0 1586 5170; baseline 0 1"><span class='ocrx_word' id='word_1_642' title='bbox 0 0 1586 5170; x_wconf 95' lang='lat' dir='ltr'> </span> 
     </span>
    </p>
   </div>
  </div>
 </body>
</html>
