3164 5170
391 358 609 500 ruens
639 412 1054 500 nnnronnrnr.
1207 412 1262 506 us

165 597 414 710 ’Efiorooi'ptigss
442 605 632 714 ἀρίίρησις.

165 707 393 810 Ἑξινχητοιί.11
423 725 509 825 τρεῖς
541 719 688 816 γίνονται
709 717 957 830 Πυίάχρηστοι,
991 719 1050 813 οἷς.
1072 722 1173 830 μέλει
1197 763 1261 806 οια-

164 959 199 1008 D·
212 963 232 1022 ἠ
251 963 281 1015 ὣς
297 965 404 1016 είάθασιν
420 967 476 1019 ἔνιοι
486 973 534 1021 τῶν
543 972 596 1036 τερί
606 971 649 1036 τὰς
659 989 699 1022 τε·
732 973 755 1022 oi
765 973 796 1022 τὰ
806 973 894 1035 πάτριοι
907 975 963 1035 ἡμῖν
980 975 1131 1037 ἐξηγούμενοι
1144 977 1207 1040 apud
1218 977 1264 1026 Ar*

164 1027 239 1076 λετὰς
257 1029 296 1078 nol
318 1032 349 1082 τὰ
368 1033 492 1098 καθάρσια,
513 1037 582 1096 μῆνιν
599 1037 700 1096 ΙΕκάτης
732 1039 839 1088 lenridor.
856 1039 908 1088 Lib.
919 1041 944 1088 ii.
958 1057 981 1103 p.
992 1045 1048 1089 lot.
1066 1042 1114 1088 'Ab
1126 1041 1161 1088 his
1173 1051 1264 1104 prorsus

164 1090 318 1153 llm‘ll‘erol
345 1115 374 1144 τε
400 1099 439 1147 καί
459 1099 544 1160 ἐξάντη
565 1100 699 1163 φάσκοντες
731 1103 815 1151 diversi
826 1111 880 1151 sunt
891 1100 1070 1152 Atheniensium
1079 1105 1198 1166 ἐξηγηταί,
1206 1122 1265 1168 qno·

162 1154 278 1213 ποιήσειν.
295 1159 385 1210 AElian.
403 1163 436 1211 H.
452 1162 484 1213 A.
503 1165 555 1215 Lib.
565 1167 582 1214 i.
592 1183 646 1228 cap.
659 1172 699 1215 57.
731 1181 781 1214 rum
792 1176 849 1224 erat,
859 1177 959 1215 monstra
972 1177 997 1216 et
1013 1170 1121 1234 prodigia
1131 1183 1265 1232 procurare,

163 1217 296 1284 ἅνεῤῥάσθη
307 1241 335 1272 τε
346 1227 442 1284 ἐκεῖνος,
463 1227 502 1276 καί
520 1231 595 1278 κακοῦ
612 1229 699 1280 κοντὸς
731 1231 787 1278 ritus
806 1232 831 1278 in
849 1233 918 1280 sacris
937 1234 1053 1280 observari
1070 1233 1150 1281 solitos
1169 1234 1264 1299 docere,

163 1284 262 1346 ἐξάντης
280 1287 310 1336 rb
331 1291 437 1340 ἐντεῦθέν
454 1293 514 1341 ἐστι.
531 1294 565 1340 iii.
578 1301 602 1342 5.
614 1295 646 1342 ix.
657 1299 696 1344 16.
730 1295 824 1358 expiare
837 1296 974 1353 homicidas,
989 1297 1094 1361 aliosque
1109 1297 1204 1360 piaculo
1221 1299 1263 1346 oh-

163 1351 204 1398 33.
215 1352 247 1402 xi.
259 1357 298 1402 35.
310 1353 360 1403 xiii.
377 1359 401 1405 1.
417 1357 463 1404 xvi.
479 1355 520 1407 28.
554 1358 621 1406 Idem
633 1361 697 1422 apud
730 1360 821 1417 noxios,
837 1359 944 1408 dirimere
962 1361 1065 1424 denique
1082 1362 1142 1418 lites,
1161 1377 1214 1424 quae
1233 1364 1265 1411 de

163 1411 230 1464 Suid.
249 1431 270 1464 v.
293 1417 447 1482 Ἀρχίλοχος·
481 1421 558 1486 (Huic
575 1423 637 1471 enim
658 1424 697 1472 iile
729 1425 798 1471 rebus
809 1425 878 1471 sacris
889 1425 1027 1472 inciderent.
1051 1425 1265 1476 Pollurviiidts.

163 1475 238 1554 loeus,
250 1497 263 1528 e
275 1482 334 1532 libro
350 1485 381 1532 de
396 1483 548 1533 Providentia
564 1488 697 1550 decerptus,
730 1487 886 1548 ’Egmmolh'
905 1491 1044 1549 ἐκαλοῦντο,
1062 1491 1085 1540 oi
1099 1488 1132 1537 τὰ
1148 1488 1200 1553 περὶ
1216 1494 1265 1538 τῶν

162 1545 300 1593 tribuendus
310 1547 459 1612 videtur)troi
467 1551 511 1607 τῆς
518 1549 663 1611 μήνιδοςτῆς
671 1553 698 1600 ἐκ
731 1549 877 1616 διοσημείαν,
897 1553 935 1602 καί
951 1553 982 1600 τὰ
998 1557 1047 1602 τῶν
1061 1553 1144 1603 ἄλλων
1154 1553 1220 1617 ίερῶν
1231 1557 1264 1602 δι·
1281 1560 1284 1564 ’

161 1613 206 1660 rori
217 1613 270 1660 θεοῦ
280 1613 378 1674 ἐξάνεης
388 1615 492 1674 ἐγένετο.
513 1615 602 1662 Julian.
615 1615 656 1662 Or.
665 1617 697 1664 vi.
731 1613 867 1664 δάσκοντες.
879 1619 918 1663 uhi
936 1617 989 1664 vide
1008 1617 1115 1682 interpp.
1148 1617 1201 1664 Hoc
1214 1615 1265 1665 mu.

162 1693 188 1740 p.
197 1680 253 1726 192.
261 1677 290 1724 B.
300 1679 450 1735 καταστῆσαι
456 1678 607 1726 παντάπασιν
615 1677 699 1740 ἐξάντη
732 1693 775 1726 nus
786 1679 842 1726 olim
853 1679 952 1727 Athenis
963 1681 1082 1742 publicum
1091 1681 1137 1729 luit
1145 1695 1173 1729 ex
1181 1681 1267 1730 Thesei

162 1743 206 1798 τῆς
217 1741 311 1790 δειλίας.
345 1741 391 1804 Ep.
408 1744 437 1788 nd
456 1743 595 1790 Atheniens.
607 1758 631 1806 p.
642 1747 700 1792 272.
731 1742 857 1801 instituto;
874 1745 905 1790 ad
922 1746 986 1806 quod
1003 1759 1050 1790 non
1062 1746 1107 1792 uisi
1118 1745 1266 1808 εὐπατρίδαις

163 1803 197 1873 A.
206 1811 233 1850 es
244 1803 409 1853 emendatione
419 1806 510 1853 Petovii
520 1822 526 1853 ι
544 1802 572 1862 ἧς
581 1805 621 1867 ἐμέ
629 1805 700 1866 uinci
731 1805 946 1870 adspirarelicebat.
953 1807 1072 1856 Plutarch.
1079 1807 1148 1856 Thes.
1157 1825 1181 1872 p.
1191 1815 1227 1858 ll.
1235 1809 1266 1860 C.

163 1869 212 1918 θεοί
224 1869 462 1932 διὰτῆςφιλοσοφίας
470 1869 700 1936 καθαρὸνάπὲφηναν
731 1869 1267 1936 Εὖπατρίδαιςμὲνγινάσιιειντέθεΐα,καίπαρ·
1295 1919 1298 1926 ,

164 1933 204 1981 rrol
215 1933 307 1994 ἐξάντη.
326 1933 410 1998 Syrtes.
430 1935 497 1983 Calo.
510 1933 609 1982 Encom.
622 1952 646 1997 p.
657 1941 697 1985 75.
732 1933 924 1998 ἐχεινάρχοντας
935 1935 1044 1993 ἀποδοὺς,
1055 1936 1093 1985 καί
1104 1935 1265 1997 νάμυνδιδασ-

164 1997 198 2045 D.
217 1997 265 2058 ίίμα
280 1996 306 2047 δέ
318 1996 419 2060 ἐξάντεις
430 1996 554 2058 ἐσομένους
564 2001 608 2056 τῆς
618 1997 697 2050 νάσου.
731 1997 819 2048 κάλους
837 1998 903 2057 εἶναι,
922 1999 961 2048 καί
972 1998 1043 2050 ὁσίαν
1053 2001 1091 2049 καί
1102 2001 1168 2066 tepor
1179 2005 1264 2064 ἐξηγη-

164 2063 194 2110 de
206 2061 301 2110 Provid.
311 2078 335 2125 p.
347 2068 388 2112 nt.
400 2063 429 2112 B.
447 2061 545 2132 ἐξάντρς
562 2062 644 2124 ἔσομαι
655 2065 698 2112 τοῦ
730 2062 781 2113 τάς.
801 2064 898 2120 Postea,
911 2071 937 2112 ut
950 2081 979 2112 ex
987 2064 1076 2112 Timaeo
1088 2067 1206 2125 discimus,
1219 2077 1264 2115 tres

163 2126 282 2188 δαιμονίου
297 2127 435 2189 μηνίματος.
447 2129 477 2175 de
489 2127 594 2175 Insomn.
604 2143 630 2191 p.
641 2132 697 2178 136.
729 2129 820 2174 'tantum
832 2131 875 2176 hac
886 2129 1002 2192 dignitate
1012 2129 1153 2187 tunetisunt,
1162 2129 1264 2194 Pythice

162 2187 197 2240 D.
220 2190 259 2240 καί
277 2191 341 2241 ὅσοις
360 2192 431 2241 ὅπνος
449 2192 528 2257 ἰατρὸς
549 2187 634 2252 ἐξάντη
652 2193 697 2251 τὴν
730 2193 824 2240 oraculo
841 2193 966 2256 designati.
1000 2191 1082 2242 Plures
1101 2209 1154 2242 vero
1174 2195 1265 2258 privata

162 2255 233 2306 νίσον
243 2256 346 2316 ἐποίησε.
362 2257 403 2304 ubi
420 2253 475 2304 vide
493 2257 663 2322 Nicephorum,
673 2264 697 2305 et
730 2257 868 2305 auctoritate
879 2257 987 2320 prodigia
1004 2265 1028 2305 et
1044 2261 1134 2307 somnia
1152 2259 1264 2324 interpre-

162 2317 269 2386 Hesych.
284 2323 308 2368 in
329 2338 351 2368 v.
368 2322 407 2369 Ab
421 2320 526 2432 Etypnul.
544 2321 581 2370 M.
601 2336 624 2384 p.
641 2320 697 2370 3lss.
730 2327 791 2367 tatus
808 2337 868 2381 esse,
886 2322 966 2369 multis
986 2325 1106 2386 exemplis,
1123 2324 1142 2370 si
1159 2331 1205 2370 taur
1222 2341 1264 2372 ne-

163 2384 204 2434 ti.
216 2396 240 2433 et
249 2385 341 2450 Cyrillo
353 2385 447 2432 Lexico·
480 2391 498 2434 ς’.
509 2385 559 2433 hrec
570 2401 613 2432 vor
626 2386 697 2432 etiam
730 2391 803 2442 cesse,
815 2391 884 2448 quain
896 2386 965 2432 facile
981 2394 1051 2442 esset,
1065 2387 1159 2434 ostendi
1174 2395 1264 2452 posset.

163 2451 288 2512 exponitur
299 2451 437 2514 ἐξεστηκὼς,
447 2449 592 2510 μαινόμενος.
622 2449 698 2513 Cujus
729 2449 870 2496 scholiastes
890 2446 1013 2511 Aristoph.
1033 2451 1063 2497 ad
1083 2450 1146 2500 Nub.
1166 2465 1188 2499 v.
1206 2454 1263 2501 331.

163 2515 268 2560 notionis
279 2515 385 2574 exempla
397 2516 481 2562 frustra
491 2515 597 2577 quaesivi.
730 2509 761 2562 rio
772 2511 811 2562 καί
820 2511 921 2573 Λάμπον
931 2511 962 2570 ἦν
978 2513 991 2559 ά
1009 2512 1099 2573 μάντις,
1110 2511 1138 2562 bn
1148 2516 1265 2576 ἐξηγητὴν

196 2587 209 2622 ε
223 2578 375 2640 Ἐξετασμός]
409 2577 506 2634 Vereor,
518 2595 548 2626 no
559 2595 603 2625 vox
616 2595 652 2626 rue
663 2578 698 2626 fe·
732 2575 840 2626 ἐκάλουν.
858 2592 959 2639 quocum
975 2579 1093 2626 consentit
1102 2585 1170 2625 vetus
1181 2580 1264 2628 Gram-

161 2642 248 2690 tenerit
258 2645 283 2691 in
296 2643 425 2692 Platonicis
436 2641 555 2692 vocabulis
571 2657 697 2706 excerpen-
731 2643 829 2689 rnaticus
842 2643 890 2691 Ms.
901 2641 925 2688 in
936 2639 1000 2688 Blbl.
1020 2641 1139 2704 Sangerm.
1166 2642 1264 2705 Ἐξηγηι

163 2705 210 2756 dis.
729 2704 781 2763 τής.
815 2703 916 2754 Είίτολις
926 2707 1009 2769 χρυσῷ
1019 2703 1094 2767 γένει’
1109 2704 1213 2766 Λάμπων
1225 2709 1264 2758 tt-

194 2771 264 2822 ΙΙ34.
281 2771 419 2838 Ἐξηγηταί]
452 2769 583 2833 Ἐξηγητὴς
593 2772 698 2818 universe
730 2767 844 2831 ξηγητής.
878 2768 968 2818 Μάντις
983 2771 1030 2834 γὰρ
1047 2769 1077 2830 ἣν
1093 2769 1131 2819 καί
1142 2772 1265 2835 χρησμοὺς

163 2843 199 2884 est
209 2839 375 2899 cujuslibetrei
383 2843 515 2887 enarrator.
548 2835 608 2882 Tum
619 2835 699 2896 inqui
732 2835 846 2896 ἐξηγεῖτο.
879 2833 1010 2898 Ἡρόδοτος.
1026 2839 1047 2884 δ.
1079 2835 1118 2882 Sic
1135 2837 1205 2884 etiam
1224 2851 1264 2886 ca·

161 2901 265 2964 ltorpites
274 2904 305 2950 od
315 2918 351 2966 eo,
368 2917 421 2964 quo
439 2901 537 2948 uisenda
547 2905 611 2955 suot.
623 2899 698 2956 docit,
731 2899 830 2961 piendus
850 2905 885 2946 est
900 2899 949 2955 Ἀβ
962 2899 1016 2947 ανδ
1029 2897 1137 2948 Καλλίου
1147 2903 1263 2962 ἐξηγητὴς

162 2972 187 3014 et
206 2969 384 3028 unumquodque
408 2966 440 3014 its
465 2965 584 3012 ostendit.-
612 2964 653 3026 qui
674 2971 699 3010 et
730 2918 1066 3028 apudstepnandiyzrrtr.
1089 2961 1162 3030 Βάτη.
1187 2967 1262 3032 Atro,

161 3034 318 3092 mystagogus
327 3037 430 3086 vocatur,
439 3037 463 3076 et
473 3027 697 3076 numeratorum·
733 3027 818 3076 Cottio
834 3029 913 3094 fitius,
938 3039 1058 3078 mororum
1079 3028 1263 3094 religionemque

161 3101 223 3141 cano
239 3095 270 3142 in.
288 3099 344 3144 979.
364 3101 390 3140 ut
410 3092 454 3140 'am
466 3093 558 3140 monuit
569 3088 611 3140 ΕΖ.
622 3091 698 3154 Spars-
730 3091 861 3154 interpres:
878 3093 916 3141 cui
936 3094 1025 3141 muneri
1038 3096 1152 3142 'convenit
1164 3095 1221 3144 liber
1232 3099 1262 3144 ab

159 3157 224 3206 lr‘em.
237 3159 267 3206 de
278 3157 309 3206 U.
321 3165 346 3206 et
357 3156 384 3206 P.
401 3110 434 3208 Al.
451 3157 518 3204 Turn.
528 3157 545 3205 i.
555 3173 579 3220 p.
590 3158 617 3206 e.
634 3157 696 3203 Pau·
728 3173 757 3204 eo
768 3157 867 3220 scriptus
878 3155 931 3222 περί
941 3155 1028 3222 ἑορτῶν
1039 3158 1077 3207 noi
1088 3159 1181 3206 θυσιῶν.
1205 3159 1262 3224 Pes-

161 3223 238 3269 sanias
247 3222 300 3271 Lib.
312 3223 328 3274 i.
340 3239 365 3286 p.
378 3228 418 3272 98.
434 3222 555 3270 Ἐντεῦθεν
565 3223 578 3268 t
588 3224 636 3269 τῶν
646 3221 696 3269 ἐπι·
728 3221 785 3269 sime
795 3221 819 3270 J.
833 3221 864 3270 G.
875 3223 973 3272 Vossius
990 3224 1020 3270 de
1036 3220 1124 3270 Histor.
1137 3223 1214 3270 Graee.
1226 3223 1261 3272 iii.

161 3283 697 3415 tttlttittittttlt.littttitftlt:
728 3286 1035 3401 hilfrttititlt..
1048 3285 1262 3411 tttltittiz

157 3418 288 3476 seniorum,
309 3417 473 3482 Sicyoniorum
502 3416 627 3478 ἐξηγητὰς,
654 3416 697 3478 qui
729 3418 893 3463 toremvertat.
918 3409 1262 3478 ’Τεράτωνιιυίένυτνίωνέξη

160 3480 252 3528 illarum
269 3484 372 3544 gentium
391 3481 512 3546 originem,
523 3481 697 3544 antiquitatem,
728 3477 810 3540 γητοί,
828 3477 929 3528 Purrsan.
948 3479 999 3525 Lib.
1016 3493 1082 3590 up.
1098 3481 1155 3526 438.
1172 3478 1261 3538 confil-

155 3543 254 3606 'aliaque
266 3547 325 3592 scitu
334 3547 406 3610 digna
417 3547 618 3608 peregrinantibus
628 3559 695 3591 enar·
727 3552 777 3591 λαν
796 3539 908 3602 ἐξηγηταί
936 3541 1025 3591 Achill.
1059 3549 1096 3600 ot.
1118 3542 1170 3590 Lib.
1189 3560 1212 3590 v.
1234 3560 1259 3608 p.

157 3611 247 3657 rorent.
280 3609 338 3665 Qui,
357 3611 461 3672 pluribus
483 3609 564 3657 saltem
585 3610 608 3656 in
628 3608 696 3672 locis,
727 3612 785 3657 283.
819 3579 1070 3670 VidelVessellngium
1082 3607 1111 3654 ad
1124 3605 1196 3656 Diod.
1213 3607 1262 3657 Sic.

161 3672 301 3720 auctoritate
322 3673 418 3734 publiea
438 3675 558 3721 constituti
578 3673 693 3722 ridentur.
728 3688 751 3719 v.
762 3675 804 3721 43.
836 3671 875 3718 Illi
893 3679 970 3718 eutem
983 3673 1122 3734 interpretes
1132 3687 1186 3720 cum
1198 3685 1261 3736 sepe

160 3735 318 3800 Ἀρίσταρχος
328 3735 342 3784 l
352 3739 401 3785 τῶν
412 3737 570 3796 Ὀλυμπίασιν
580 3739 696 3798 ἐξηγητὴς
728 3736 846 3800 Apollinis
853 3735 1065 3800 interpretationem
1077 3745 1221 3800 expeterent,
1232 3754 1262 3786 ex

161 3803 227 3864 apud
246 3801 348 3850 Pansam.
368 3800 421 3850 Lib.
440 3817 461 3846 r.
477 3816 501 3863 p.
518 3803 576 3851 428.
594 3802 694 3848 malesb
727 3817 756 3849 eo
779 3799 847 3848 Plato
865 3801 938 3850 Polit.
957 3801 990 3849 iv.
1009 3816 1033 3863 p.
1054 3803 1112 3849 448.
1136 3801 1165 3850 C.
1182 3801 1261 3864 ipsum

160 3866 297 3928 interprete,
308 3881 378 3930 quem
395 3862 506 3912 Knhnius
517 3865 647 3926 castigavit,
658 3866 695 3912 in·
727 3864 864 3928 Apollinem
892 3863 1179 3928 ἐξηγητὴναρρείίονίίι
1207 3861 1261 3916 οὐδὲ

160 3931 279 3986 tellectus,
296 3930 389 3978 errandi
403 3943 482 3978 ausam
502 3927 569 3977 dedit
578 3929 602 3977 J.
612 3928 696 3977 Jonsio
727 3947 746 3990 χ
775 3927 863 3990 σόμεθα
882 3931 995 3994 ἐξηγητῇ,
1011 3929 1067 3977 ἀλλ’
1085 3927 1101 3987 η
1117 3931 1151 3990 τῷ
1162 3931 1260 3994 πατρίῳ·

157 3997 193 4044 'de
202 3995 314 4060 Scriptor.
326 3993 389 4042 Hist.
399 3991 463 4042 Phil.
474 4009 499 4056 pt
517 3997 573 4042 344.
608 3991 697 4041 Contra
728 4012 740 4042 o
771 4010 797 4043 ος
810 3994 858 4057 γὰρ
874 3993 902 4051 δή
919 3992 1051 4042 rochetis
1061 3993 1113 4055 περί
1122 3993 1153 4041 τὰ
1162 3997 1261 4046 τοιαῦτα

161 4075 215 4107 cnm
226 4061 352 4124 interprete
370 4065 432 4107 errat
447 4057 559 4106 Kuhnius
570 4057 600 4104 ad
612 4056 665 4105 lib.
677 4057 694 4106 i.
726 4059 801 4106 πᾶσιν
825 4054 951 4122 άνθροίτοις
971 4057 1020 4106 τάτ
1035 4075 1068 4106 ros
1088 4059 1212 4122 ἐξηγητὴς,
1235 4057 1261 4108 ἐν

161 4123 239 4186 pat.
272 4123 413 4188 Iophontem
432 4122 557 4184 Gnosium,
570 4121 694 4188 quiquod
727 4121 791 4184 μέση
801 4123 845 4180 τῆς
855 4125 901 4184 γῆς
912 4121 949 4170 eet
959 4125 1003 4171 τοῦ
1013 4077 1122 4184 Arrechoi
1132 4123 1261 4185 καθήμενος

161 4205 190 4236 ex
209 4203 233 4236 re
248 4188 299 4252 ipss
318 4189 400 4252 liquet,
415 4203 531 4236 mororum
549 4195 574 4234 et
589 4186 695 4235 oraculo·
727 4189 854 4248 ἐξηγεῖται.
888 4202 935 4250 qno
947 4187 999 4236 ioco
1011 4187 1139 4235 OEnomans
1150 4205 1204 4236 usus
1214 4187 1260 4254 est,

156 4255 212 4300 'sum
230 4251 344 4314 interpres
361 4254 416 4308 fuit,
433 4269 475 4316 pro
497 4257 635 4316 mystagogo
656 4250 695 4298 uel
726 4252 846 4315 Apollinis
857 4253 972 4312 ἐξηγητοῦ
980 4252 1186 4308 titulumirridena,
1196 4257 1273 4316 apud>

162 4323 315 4365 monstratore
342 4316 469 4379 accipiens.
502 4316 566 4366 Vide
587 4315 695 4364 strabon.
722 4315 813 4366 ¹Euseb.
826 4315 855 4364 P.
868 4315 896 4365 Ε.
909 4333 931 4366 v.
951 4329 976 4381 p.
994 4321 1050 4366 230.
1084 4317 1124 4364 Ad
1145 4313 1260 4380 Exegeta'·

123 4385 127 4390 '
162 4381 215 4429 lib.
235 4381 289 4431 xvii.
311 4396 335 4444 p.
361 4383 431 4432 1159.
449 4381 477 4432 C.
511 4379 608 4430 Aristid.
628 4379 694 4429 Oret.
727 4395 777 4428 rnm
790 4381 919 4428 Atticorum
931 4383 1061 4445 exemplum
1078 4381 1148 4430 Plato
1165 4395 1260 4446 quoque

162 4445 397 4509 Platon.ti.·p.aoo.
430 4446 561 4494 Patriorurn
576 4445 695 4494 instituto·
727 4461 768 4494 eos
782 4447 808 4494 in
823 4445 988 4511 rempublicam
1000 4463 1065 4494 suom
1076 4446 1173 4506 recepit.
1186 4445 1259 4507 Legg.

162 4525 213 4558 rurn
229 4511 375 4576 interpretes,
395 4525 442 4558 non
458 4519 630 4576 monstratores,
641 4519 696 4559 sunt
727 4511 759 4560 vi.
772 4527 796 4575 p.
809 4515 866 4564 elo.
878 4509 909 4562 G.
926 4513 953 4561 ἐκ
963 4513 1067 4575 Δελφῶν
1077 4509 1101 4559 δὲ
1118 4509 1166 4572 χρὴ
1177 4506 1260 4568 νόμους
