3164 5170
308 371 330 430 6
629 381 631 388 ’
697 361 1024 426 PRAEFATIO.

306 537 415 610 netur,
429 530 565 608 Σὲιρῖται,
577 530 649 588 &cs
679 527 739 588 Eae
751 541 870 608 quoque
885 526 1039 592 undelibet
1050 526 1161 606 potius,
1175 541 1264 608 quarn
1279 541 1316 588 er
1341 525 1413 588 Pla·

305 639 376 692 tune
389 643 538 698 manasse,
552 624 649 705 posito
663 623 788 705 pignore
801 624 1016 689 contenderim.
1059 623 1140 686 Satis
1157 624 1232 704 jam,
1256 634 1342 706 puto,
1365 624 1413 684 in-

304 723 444 803 telligunt
466 722 572 784 hatum
596 720 746 782 literarum
775 721 870 800 periti,
893 721 937 782 sic
963 721 1049 784 nobis
1071 740 1106 782 ex
1125 731 1209 801 parte
1233 721 1410 800 presulatum

303 819 444 892 fructum,
457 818 559 898 quiex
573 817 631 878 hoc
644 815 752 880 Lerico
767 815 916 896 adipsum
932 816 1088 879 Platonem
1103 817 1254 896 pervenire
1268 814 1408 889 debebat,

301 917 496 996 interceptum
510 932 589 976 esse.
630 911 709 975 Nam
723 913 859 991 quamvis
874 911 949 976 illud
964 933 1024 974 nou
1039 923 1100 974 tam
1115 912 1154 975 ad
1175 911 1407 985 emendandum,

302 1033 391 1094 quarn
402 1008 660 1074 adillustrandum
675 1009 843 1082 Platonem,
858 1009 895 1070 ab
910 1019 1031 1072 auctore
1041 1020 1247 1088 comparatum
1260 1009 1311 1082 ait,
1320 1010 1407 1073 nobis

302 1121 419 1182 tamen,¹
433 1108 486 1197 qui
505 1104 688 1182 Philosopho
716 1103 814 1164 miuus
835 1103 962 1184 integro,
983 1123 1075 1183 quarn
1098 1115 1162 1166 tum
1182 1114 1255 1177 erat,
1279 1114 1406 1176 utamur,

301 1223 412 1286 magno
428 1205 487 1266 hoc
501 1199 676 1283 opusculum
692 1199 863 1279 adjumento
882 1209 999 1279 poterut
1018 1221 1085 1262 esse
1105 1199 1144 1260 sd
1158 1199 1225 1260 loca
1245 1199 1407 1280 depravata
1433 1191 1437 1202 ⁴

300 1300 484 1381 indaganda,
518 1298 703 1379 pristinoque
728 1297 815 1358 nitori
844 1297 1037 1358 restituenda.
1080 1298 1169 1358 Nunc
1196 1307 1305 1368 autem,
1337 1318 1405 1360 cum

300 1398 443 1463 incertum
468 1397 517 1468 sit,
539 1406 677 1456 utrumne
700 1394 812 1473 glossa,
831 1413 921 1472 quam
944 1394 1099 1456 restituere
1122 1394 1206 1466 velis,
1227 1413 1263 1454 ex
1279 1393 1405 1458 Platone

299 1495 410 1576 liaustu
428 1493 482 1567 sit,
504 1513 542 1552 an
566 1513 603 1552 ax
627 1492 686 1552 alio
718 1492 870 1570 scriptore,
899 1491 968 1570 quis
990 1491 1078 1570 hujus
1104 1489 1202 1550 Lerici
1229 1491 1404 1550 auctoritato

299 1593 456 1668 Platonem
491 1590 633 1668 refingera
662 1587 796 1650 audeat?
825 1588 940 1657 Quibus
969 1587 1007 1648 de
1041 1589 1168 1660 caussis,
1198 1586 1316 1648 tametsi
1343 1606 1404 1648 non

300 1690 424 1760 deerant
451 1687 641 1768 conjecturae,
668 1669 827 1746 rarissime?
844 1694 955 1758 tamen,
984 1685 1097 1747 Timaeo
1126 1683 1213 1753 duce,
1247 1683 1403 1744 Platonem

298 1787 490 1866 tentavimus,
525 1803 580 1854 nec
613 1782 685 1856 iere,
721 1783 778 1842 nisi
813 1782 937 1842 aliorum
974 1781 1242 1842 Grammaticorum
1276 1799 1403 1840 consen·

297 1903 349 1944 sus
364 1882 549 1944 accessisset.
591 1880 647 1940 Vcl
669 1881 712 1940 sic
731 1890 830 1940 tamen
852 1891 908 1952 est,
934 1878 1017 1956 quod
1040 1878 1123 1938 nobis
1143 1877 1332 1956 gratulemur,
1355 1877 1404 1938 Tn

296 1999 405 2042 meeum
440 1978 637 2056 importunam
665 1975 792 2048 cladem,
823 1995 892 2053 quar
925 1974 1000 2034 alios
1036 1974 1066 2032 in
1094 1974 1198 2034 codem
1227 1983 1402 2052 argumento

296 2085 430 2144 versatos
452 2072 609 2152 oppressit,
632 2070 755 2132 feliciter
777 2070 919 2132 evasisse.
962 2069 1051 2132 Multi
1078 2071 1157 2130 enim
1182 2068 1317 2130 Platonis
1342 2069 1401 2134 loci

295 2170 416 2242 rectius,
430 2188 520 2248 quam
533 2177 613 2240 aute,
633 2187 685 2246 per
702 2167 784 2228 illum
807 2167 1035 2246 intelliguntur:
1067 2168 1170 2227 multae
1193 2167 1348 2240 lectiones,
1363 2169 1401 2241 ab

295 2266 458 2346 ingeniosis
482 2263 650 2324 hominibus
674 2283 828 2345 perperam
853 2263 1032 2336 sollicitatae,
1047 2265 1166 2344 egregie
1180 2263 1401 2326 confirmantur.

297 2363 441 2425 Potuerat
455 2361 571 2442 quidem
583 2360 641 2422 hoc
654 2371 860 2440 argumentum
872 2361 962 2422 latius
977 2372 1008 2422 et
1021 2361 1132 2442 majore
1143 2381 1212 2420 cum
1228 2358 1402 2430 cruditionis

295 2461 432 2522 ubertate
446 2468 583 2530 tractare,
596 2467 630 2517 ut
644 2457 816 2518 Erotianum
832 2458 862 2518 in
880 2458 1071 2538 Hippocratis
1093 2457 1212 2530 Lexico,
1231 2465 1261 2516 et
1286 2459 1401 2542 Harpo-¹

294 2557 457 2621 orationem
472 2557 500 2616 in
516 2576 546 2616 x.
563 2554 739 2626 Rhetorum,
750 2555 857 2616 fecisse
868 2555 1022 2616 videmus:
1044 2555 1100 2614 uisi
1120 2556 1183 2634 ipse
1195 2556 1323 2618 sortasse
1338 2555 1401 2614 Ga·

293 2655 394 2726 lenum
404 2652 516 2714 imitari
531 2651 677 2726 maluerit,
696 2652 758 2731 qui,
782 2662 853 2729 post
876 2651 1104 2712 eruditissimam
1125 2671 1245 2732 operam
1265 2652 1400 2724 aliorum,

293 2771 354 2822 non
370 2749 516 2810 dubitavit
531 2747 721 2829 Hippocratis
735 2749 854 2828 glossas
874 2748 964 2822 nude,
981 2770 1036 2811 nec
1050 2748 1168 2808 adscita
1189 2749 1310 2808 aliunde
1332 2768 1399 2808 eru-

295 2845 420 2917 ditione,
444 2864 592 2906 enarrare.
645 2846 717 2918 Sed,
742 2857 894 2924 utcunque
920 2856 976 2918 est,
996 2845 1064 2925 jure
1090 2846 1169 2904 Dan.
1195 2845 1337 2904 Heinsius
1360 2845 1400 2904 ad
1455 2855 1464 2862 '

295 2941 419 3002 Maxim.
435 2941 504 3020 Tyr.
521 2941 603 3000 Diss.
619 2941 678 3000 viii.
702 2961 734 3021 p.
756 2946 806 3001 52.
828 2943 932 3002 Timoei
956 2942 1134 3004 desiderium
1157 2941 1204 3000 his
1218 2941 1315 3002 verbis
1332 2941 1398 3020 jam

295 3037 365 3100 olim
378 3035 527 3098 ostendit:
561 3041 569 3070 ‘
586 3035 662 3094 Haec
686 3036 820 3114 pluribus
836 3050 1067 3116 praetermorem
1090 3052 1121 3098 et
1144 3038 1312 3100 institutum
1327 3057 1399 3098 nos·

294 3145 371 3196 uum
387 3132 534 3214 persecuti
548 3152 661 3206 sumus,
672 3142 706 3192 ut
720 3132 845 3194 studiosi
862 3135 1006 3208 Platonis,
1022 3155 1083 3196 nou
1100 3135 1254 3213 opiniones
1269 3145 1397 3208 teritum,

292 3231 393 3296 sedet
408 3250 496 3292 uoces
521 3233 568 3290 τὰς
583 3234 620 3310 τῷ
634 3228 715 3308 ἀνδρὶ
728 3233 760 3292 ἐν
773 3239 873 3312 χρήσει
897 3233 1055 3310 diligenter
1069 3233 1236 3290 observent.
1280 3230 1397 3299 Quodsi

293 3338 426 3392 exstaret
438 3327 579 3400 Timaeus,
593 3335 623 3386 et
642 3337 686 3386 tot
706 3327 749 3388 illi
773 3321 988 3408 Lexicographi
1006 3326 1164 3397 Platonici,
1184 3347 1308 3406 quorum
1328 3347 1397 3402 curn

294 3424 354 3496 alii,
376 3438 438 3484 tum
454 3423 579 3484 Photius
593 3424 800 3498 meminerunt,
815 3425 902 3486 facile
925 3426 981 3485 lroc
1002 3423 1102 3484 labore
1125 3424 1396 3502 supersederemus.

294 3519 383 3580 Nunc
397 3540 414 3578 e
426 3529 472 3592 tot
485 3519 543 3579 illis
558 3540 595 3579 ne
615 3541 692 3582 uuus
714 3521 833 3601 quidem
848 3520 933 3580 uobis
948 3519 1068 3580 relictus
1082 3528 1140 3592 est,
1162 3517 1199 3578 de
1214 3540 1274 3599 quo
1288 3523 1395 3599 saltem

293 3615 368 3676 illud
390 3617 487 3694 poetae
508 3635 652 3696 usurpare
666 3617 764 3688 liceat,
785 3617 893 3676 Xetlea
916 3623 972 3695 ptr
993 3622 1016 3676 τ’
1038 3616 1134 3698 ἒδίῃνᾎ
1154 3617 1279 3694 irrepunt
1302 3618 1326 3678 δ’
1347 3622 1396 3680 οὐκ

293 3711 407 3793 etipse!
448 3712 489 3770 At
502 3712 579 3772 enim
595 3733 661 3774 cum
677 3733 780 3774 omnes
804 3713 896 3774 hunc.
908 3710 1042 3774 libellum
1056 3714 1196 3792 temporis
1214 3713 1320 3795 injuria
1341 3713 1396 3774 de-

292 3807 440 3890 perditum
455 3808 619 3883 crederent,
640 3815 726 3870 ecce!
759 3809 929 3870 Beruardus
946 3809 1200 3884 Montfaucouius,
1213 3811 1256 3872 vir
1269 3808 1396 3888 praecla·

292 3905 332 3982 ris
346 3905 377 3964 in
391 3924 450 3964 rem
473 3905 632 3968 literarium
652 3906 763 3966 meritis
782 3905 920 3986 insignis,
938 3908 968 3968 in
991 3908 1175 3969 Bibliotheca
1198 3905 1396 3980 Coisliniana,

293 4020 373 4086 nunc
387 4001 648 4082 Sangcrmanensi,
662 4003 763 4064 Timaei
777 4004 919 4066 Codicenr
935 4006 1053 4084 reperit,
1071 4024 1108 4064 ex
1122 4023 1217 4081 eoque
1232 4004 1391 4083 specimen,

293 4097 427 4174 quamvis
441 4099 539 4158 minus
553 4112 690 4162 accurate
706 4101 898 4182 descriptum,
913 4103 943 4162 in
965 4100 1098 4182 ejusdem
1122 4100 1317 4160 Bibliothecae
1333 4102 1394 4168 Ca·‚r

292 4192 393 4272 talogo
407 4197 527 4274 p.,477.
540 4197 682 4276 prodidit.
700 4233 702 4240 =
723 4199 834 4259 Codes
844 4211 891 4260 est
905 4199 1158 4268 membranaceus,
1170 4216 1200 4256 x.
1214 4196 1318 4270 seculi,
1332 4196 1394 4256 ele-

292 4291 494 4372 gantissimus,
518 4303 550 4352 et
573 4307 715 4372 preterea
733 4295 868 4366 continet
882 4292 1030 4372 Apollonii
1044 4293 1172 4354 Lexicon
1188 4292 1390 4360 Homericum,

292 4384 453 4470 Pliryuichi
467 4388 630 4468 Σοφιστικὴν
643 4391 893 4470 Προπηρασκειρὴν,
907 4388 1023 4470 aliaque
1039 4390 1204 4452 Glaesaria.
1241 4389 1306 4466 Ego
1320 4402 1391 4446 vero
1448 4459 1451 4466 .
